time,Msg Type,Time Stamp,Message Type,Order Reference,Buy/Sell Indicator,Shares,Price Decimal,Price,Stock,Broker,Executed Shares,Trade Reference,Contra Order Reference,Trade Attribute,Contra Broker,Cancelled Shares,Cross Type,Settlement Terms,Event Code,Trading State,Listing Market,Board Lot Size,Currency,GEF Eligible
2020-01-30 09:30:01.016000000,Add Order,1580394601016000000,A,73821,B,2000.0,25.17,251700.0,XIU,1.0,,,,,,,,,,,,,,
2020-01-30 09:30:02.747000000,Add Order,1580394602747000000,A,99157,S,1500.0,25.18,251800.0,XIU,1.0,,,,,,,,,,,,,,
2020-01-30 09:30:02.747000000,Add Order,1580394602747000000,A,99163,S,400.0,25.19,251900.0,XIU,1.0,,,,,,,,,,,,,,
2020-01-30 09:30:03.959000000,Order Execution,1580394603959000000,E,73821,,,,,,1.0,700.0,3001664.0,111276.0,,79.0,,,,,,,,,
2020-01-30 09:30:03.959000000,Add Order,1580394603959000000,A,111290,S,1500.0,25.18,251800.0,XIU,1.0,,,,,,,,,,,,,,
2020-01-30 09:30:04.104000000,Add Order,1580394604104000000,A,113200,S,1500.0,25.18,251800.0,XIU,1.0,,,,,,,,,,,,,,
2020-01-30 09:30:04.151000000,Add Order,1580394604151000000,A,113442,S,1500.0,25.18,251800.0,XIU,1.0,,,,,,,,,,,,,,
2020-01-30 09:30:04.943000000,Add Order,1580394604943000000,A,119908,S,1500.0,25.18,251800.0,XIU,1.0,,,,,,,,,,,,,,
2020-01-30 09:30:04.963000000,Add Order,1580394604963000000,A,120247,S,1500.0,25.18,251800.0,XIU,1.0,,,,,,,,,,,,,,
2020-01-30 09:30:07.446000000,Add Order,1580394607446000000,A,138961,S,1500.0,25.19,251900.0,XIU,1.0,,,,,,,,,,,,,,
2020-01-30 09:30:07.719000000,Add Order,1580394607719000000,A,141597,S,1500.0,25.19,251900.0,XIU,1.0,,,,,,,,,,,,,,
2020-01-30 09:30:14.142000000,Add Order,1580394614142000000,A,184497,S,1500.0,25.19,251900.0,XIU,1.0,,,,,,,,,,,,,,
2020-01-30 09:30:14.142000000,Add Order,1580394614142000000,A,184498,S,3000.0,25.18,251800.0,XIU,1.0,,,,,,,,,,,,,,
2020-01-30 09:30:14.142000000,Add Order,1580394614142000000,A,184497,S,1500.0,25.18,251800.0,XIU,1.0,,,,,,,,,,,,,,
2020-01-30 09:30:21.015000000,Add Order,1580394621015000000,A,230751,S,1500.0,25.19,251900.0,XIU,1.0,,,,,,,,,,,,,,
2020-01-30 09:30:21.605000000,Add Order,1580394621605000000,A,234877,S,1500.0,25.19,251900.0,XIU,1.0,,,,,,,,,,,,,,
2020-01-30 09:30:27.529000000,Add Order,1580394627529000000,A,277126,B,1500.0,25.18,251800.0,XIU,1.0,,,,,,,,,,,,,,
2020-01-30 09:30:27.636000000,Add Order,1580394627636000000,A,278290,S,1500.0,25.19,251900.0,XIU,1.0,,,,,,,,,,,,,,
2020-01-30 09:30:27.636000000,Add Order,1580394627636000000,A,278295,B,1500.0,25.18,251800.0,XIU,1.0,,,,,,,,,,,,,,
2020-01-30 09:30:27.737000000,Add Order,1580394627737000000,A,279026,S,1500.0,25.19,251900.0,XIU,1.0,,,,,,,,,,,,,,
2020-01-30 09:30:27.838000000,Add Order,1580394627838000000,A,279428,S,1500.0,25.19,251900.0,XIU,1.0,,,,,,,,,,,,,,
2020-01-30 09:30:27.939000000,Add Order,1580394627939000000,A,279995,S,1500.0,25.19,251900.0,XIU,1.0,,,,,,,,,,,,,,
2020-01-30 09:30:28.040000000,Add Order,1580394628040000000,A,280671,S,1500.0,25.19,251900.0,XIU,1.0,,,,,,,,,,,,,,
2020-01-30 09:30:29.318000000,Add Order,1580394629318000000,A,289778,S,1500.0,25.19,251900.0,XIU,1.0,,,,,,,,,,,,,,
2020-01-30 09:30:29.729000000,Add Order,1580394629729000000,A,292359,B,1500.0,25.19,251900.0,XIU,1.0,,,,,,,,,,,,,,
2020-01-30 09:30:31.174000000,Add Order,1580394631174000000,A,303011,B,1500.0,25.19,251900.0,XIU,1.0,,,,,,,,,,,,,,
2020-01-30 09:30:31.246000000,Add Order,1580394631246000000,A,304415,B,1500.0,25.19,251900.0,XIU,1.0,,,,,,,,,,,,,,
2020-01-30 09:30:31.246000000,Add Order,1580394631246000000,A,304415,B,1500.0,25.2,252000.0,XIU,1.0,,,,,,,,,,,,,,
2020-01-30 09:30:31.637000000,Add Order,1580394631637000000,A,307218,S,1500.0,25.2,252000.0,XIU,1.0,,,,,,,,,,,,,,
2020-01-30 09:30:39.944000000,Add Order,1580394639944000000,A,363196,S,1500.0,25.21,252100.0,XIU,1.0,,,,,,,,,,,,,,
2020-01-30 09:30:39.986000000,Add Order,1580394639986000000,A,363660,S,1500.0,25.21,252100.0,XIU,1.0,,,,,,,,,,,,,,
2020-01-30 09:30:39.986000000,Add Order,1580394639986000000,A,363196,S,1500.0,25.2,252000.0,XIU,1.0,,,,,,,,,,,,,,
2020-01-30 09:30:39.986000000,Add Order,1580394639986000000,A,363660,S,1500.0,25.2,252000.0,XIU,1.0,,,,,,,,,,,,,,
2020-01-30 09:30:40.451000000,Order Execution,1580394640451000000,E,363196,,,,,,1.0,700.0,3003792.0,367954.0,,80.0,,,,,,,,,
2020-01-30 09:30:40.452000000,Order Execution,1580394640452000000,E,363660,,,,,,1.0,1500.0,3003794.0,367992.0,,80.0,,,,,,,,,
2020-01-30 09:30:46.417000000,Add Order,1580394646417000000,A,411645,B,1500.0,25.19,251900.0,XIU,1.0,,,,,,,,,,,,,,
2020-01-30 09:30:46.419000000,Add Order,1580394646419000000,A,411747,B,1500.0,25.19,251900.0,XIU,1.0,,,,,,,,,,,,,,
2020-01-30 09:30:46.538000000,Add Order,1580394646538000000,A,411645,B,1500.0,25.2,252000.0,XIU,1.0,,,,,,,,,,,,,,
2020-01-30 09:30:46.538000000,Add Order,1580394646538000000,A,411747,B,1500.0,25.2,252000.0,XIU,1.0,,,,,,,,,,,,,,
2020-01-30 09:30:50.622000000,Order Execution,1580394650622000000,E,411645,,,,,,1.0,500.0,3004264.0,436057.0,,1.0,,,,,,,,,
2020-01-30 09:30:58.795000000,Add Order,1580394658795000000,A,491512,B,1500.0,25.2,252000.0,XIU,1.0,,,,,,,,,,,,,,
2020-01-30 09:30:58.803000000,Add Order,1580394658803000000,A,491883,B,1500.0,25.2,252000.0,XIU,1.0,,,,,,,,,,,,,,
2020-01-30 09:30:58.898000000,Add Order,1580394658898000000,A,492867,B,1500.0,25.2,252000.0,XIU,1.0,,,,,,,,,,,,,,
2020-01-30 09:31:00.507000000,Add Order,1580394660507000000,A,491512,B,1500.0,25.21,252100.0,XIU,1.0,,,,,,,,,,,,,,
2020-01-30 09:31:00.507000000,Add Order,1580394660507000000,A,491883,B,1500.0,25.21,252100.0,XIU,1.0,,,,,,,,,,,,,,
2020-01-30 09:31:00.507000000,Add Order,1580394660507000000,A,492867,B,1500.0,25.21,252100.0,XIU,1.0,,,,,,,,,,,,,,
2020-01-30 09:31:03.866000000,Add Order,1580394663866000000,A,538463,B,1500.0,25.21,252100.0,XIU,1.0,,,,,,,,,,,,,,
2020-01-30 09:31:04.170000000,Add Order,1580394664170000000,A,541228,B,1500.0,25.22,252200.0,XIU,1.0,,,,,,,,,,,,,,
2020-01-30 09:31:06.597000000,Add Order,1580394666597000000,A,561624,B,1500.0,25.22,252200.0,XIU,1.0,,,,,,,,,,,,,,
2020-01-30 09:31:06.831000000,Add Order,1580394666831000000,A,564325,B,1500.0,25.22,252200.0,XIU,1.0,,,,,,,,,,,,,,
2020-01-30 09:31:06.832000000,Add Order,1580394666832000000,A,564330,S,1500.0,25.23,252300.0,XIU,1.0,,,,,,,,,,,,,,
2020-01-30 09:31:06.832000000,Add Order,1580394666832000000,A,564330,S,1500.0,25.22,252200.0,XIU,1.0,,,,,,,,,,,,,,
2020-01-30 09:31:08.487000000,Add Order,1580394668487000000,A,575778,S,1500.0,25.22,252200.0,XIU,1.0,,,,,,,,,,,,,,
2020-01-30 09:31:17.360000000,Add Order,1580394677360000000,A,630984,S,1500.0,25.23,252300.0,XIU,1.0,,,,,,,,,,,,,,
2020-01-30 09:31:17.542000000,Add Order,1580394677542000000,A,632785,S,1500.0,25.22,252200.0,XIU,1.0,,,,,,,,,,,,,,
2020-01-30 09:31:22.518000000,Add Order,1580394682518000000,A,663583,S,1500.0,25.22,252200.0,XIU,1.0,,,,,,,,,,,,,,
2020-01-30 09:31:22.973000000,Add Order,1580394682973000000,A,663583,S,1500.0,25.21,252100.0,XIU,1.0,,,,,,,,,,,,,,
2020-01-30 09:31:22.974000000,Add Order,1580394682974000000,A,665958,S,1500.0,25.21,252100.0,XIU,1.0,,,,,,,,,,,,,,
2020-01-30 09:31:28.464000000,Add Order,1580394688464000000,A,700928,S,1500.0,25.2,252000.0,XIU,1.0,,,,,,,,,,,,,,
2020-01-30 09:31:28.470000000,Add Order,1580394688470000000,A,701188,S,7000.0,25.21,252100.0,XIU,1.0,,,,,,,,,,,,,,
2020-01-30 09:31:33.547000000,Add Order,1580394693547000000,A,733202,S,7000.0,25.22,252200.0,XIU,1.0,,,,,,,,,,,,,,
2020-01-30 09:31:33.547000000,Add Order,1580394693547000000,A,733211,S,1500.0,25.2,252000.0,XIU,1.0,,,,,,,,,,,,,,
2020-01-30 09:31:34.366000000,Add Order,1580394694366000000,A,738154,B,1500.0,25.19,251900.0,XIU,1.0,,,,,,,,,,,,,,
2020-01-30 09:31:34.415000000,Add Order,1580394694415000000,A,738720,B,1500.0,25.2,252000.0,XIU,1.0,,,,,,,,,,,,,,
2020-01-30 09:31:49.333000000,Add Order,1580394709333000000,A,817447,S,7000.0,25.21,252100.0,XIU,1.0,,,,,,,,,,,,,,
2020-01-30 09:31:49.551000000,Add Order,1580394709551000000,A,818448,S,7000.0,25.21,252100.0,XIU,1.0,,,,,,,,,,,,,,
2020-01-30 09:31:50.063000000,Add Order,1580394710063000000,A,820432,S,7000.0,25.21,252100.0,XIU,1.0,,,,,,,,,,,,,,
2020-01-30 09:31:50.886000000,Add Order,1580394710886000000,A,824205,S,7000.0,25.21,252100.0,XIU,1.0,,,,,,,,,,,,,,
2020-01-30 09:31:51.135000000,Add Order,1580394711135000000,A,825300,S,1500.0,25.21,252100.0,XIU,1.0,,,,,,,,,,,,,,
2020-01-30 09:32:00.231000000,Add Order,1580394720231000000,A,877335,S,7000.0,25.22,252200.0,XIU,1.0,,,,,,,,,,,,,,
2020-01-30 09:32:01.179000000,Add Order,1580394721179000000,A,887167,S,7000.0,25.22,252200.0,XIU,1.0,,,,,,,,,,,,,,
2020-01-30 09:32:01.521000000,Add Order,1580394721521000000,A,889402,S,7000.0,25.23,252300.0,XIU,1.0,,,,,,,,,,,,,,
2020-01-30 09:32:01.523000000,Add Order,1580394721523000000,A,889434,B,1500.0,25.2,252000.0,XIU,1.0,,,,,,,,,,,,,,
2020-01-30 09:32:01.624000000,Add Order,1580394721624000000,A,890008,B,1500.0,25.2,252000.0,XIU,1.0,,,,,,,,,,,,,,
2020-01-30 09:32:01.827000000,Add Order,1580394721827000000,A,891106,B,1500.0,25.2,252000.0,XIU,1.0,,,,,,,,,,,,,,
2020-01-30 09:32:01.911000000,Add Order,1580394721911000000,A,891355,S,7000.0,25.22,252200.0,XIU,1.0,,,,,,,,,,,,,,
2020-01-30 09:32:03.034000000,Add Order,1580394723034000000,A,889434,B,1500.0,25.21,252100.0,XIU,1.0,,,,,,,,,,,,,,
2020-01-30 09:32:03.034000000,Add Order,1580394723034000000,A,890008,B,1500.0,25.21,252100.0,XIU,1.0,,,,,,,,,,,,,,
2020-01-30 09:32:03.034000000,Add Order,1580394723034000000,A,891106,B,1500.0,25.21,252100.0,XIU,1.0,,,,,,,,,,,,,,
2020-01-30 09:32:03.046000000,Add Order,1580394723046000000,A,900615,S,7000.0,25.22,252200.0,XIU,1.0,,,,,,,,,,,,,,
2020-01-30 09:32:04.375000000,Add Order,1580394724375000000,A,908234,S,7000.0,25.22,252200.0,XIU,1.0,,,,,,,,,,,,,,
2020-01-30 09:32:05.520000000,Add Order,1580394725520000000,A,915142,S,7000.0,25.22,252200.0,XIU,1.0,,,,,,,,,,,,,,
2020-01-30 09:32:06.042000000,Add Order,1580394726042000000,A,917471,S,7000.0,25.22,252200.0,XIU,1.0,,,,,,,,,,,,,,
2020-01-30 09:32:07.038000000,Add Order,1580394727038000000,A,923769,B,1500.0,25.2,252000.0,XIU,1.0,,,,,,,,,,,,,,
2020-01-30 09:32:07.038000000,Add Order,1580394727038000000,A,923769,B,1500.0,25.21,252100.0,XIU,1.0,,,,,,,,,,,,,,
2020-01-30 09:32:08.707000000,Add Order,1580394728707000000,A,934721,S,7000.0,25.22,252200.0,XIU,1.0,,,,,,,,,,,,,,
2020-01-30 09:32:09.707000000,Add Order,1580394729707000000,A,940633,S,1500.0,25.21,252100.0,XIU,1.0,,,,,,,,,,,,,,
2020-01-30 09:32:09.708000000,Add Order,1580394729708000000,A,940673,S,7000.0,25.22,252200.0,XIU,1.0,,,,,,,,,,,,,,
2020-01-30 09:32:09.927000000,Add Order,1580394729927000000,A,941964,S,1500.0,25.21,252100.0,XIU,1.0,,,,,,,,,,,,,,
2020-01-30 09:32:09.952000000,Add Order,1580394729952000000,A,942084,S,1500.0,25.21,252100.0,XIU,1.0,,,,,,,,,,,,,,
2020-01-30 09:32:10.147000000,Add Order,1580394730147000000,A,943306,S,7000.0,25.22,252200.0,XIU,1.0,,,,,,,,,,,,,,
2020-01-30 09:32:10.453000000,Add Order,1580394730453000000,A,945235,S,1500.0,25.21,252100.0,XIU,1.0,,,,,,,,,,,,,,
2020-01-30 09:32:14.868000000,Add Order,1580394734868000000,A,970246,B,1500.0,25.2,252000.0,XIU,1.0,,,,,,,,,,,,,,
2020-01-30 09:32:14.868000000,Add Order,1580394734868000000,A,970255,S,7000.0,25.22,252200.0,XIU,1.0,,,,,,,,,,,,,,
2020-01-30 09:32:14.868000000,Add Order,1580394734868000000,A,970246,B,1500.0,25.21,252100.0,XIU,1.0,,,,,,,,,,,,,,
2020-01-30 09:32:16.403000000,Add Order,1580394736403000000,A,978353,S,7000.0,25.22,252200.0,XIU,1.0,,,,,,,,,,,,,,
2020-01-30 09:32:16.404000000,Add Order,1580394736404000000,A,978362,B,1500.0,25.21,252100.0,XIU,1.0,,,,,,,,,,,,,,
2020-01-30 09:32:16.408000000,Add Order,1580394736408000000,A,978427,S,7000.0,25.22,252200.0,XIU,1.0,,,,,,,,,,,,,,
2020-01-30 09:32:17.213000000,Add Order,1580394737213000000,A,982199,S,7000.0,25.22,252200.0,XIU,1.0,,,,,,,,,,,,,,
2020-01-30 09:32:18.748000000,Add Order,1580394738748000000,A,989079,S,1500.0,25.21,252100.0,XIU,1.0,,,,,,,,,,,,,,
2020-01-30 09:32:19.444000000,Add Order,1580394739444000000,A,992243,S,1500.0,25.21,252100.0,XIU,1.0,,,,,,,,,,,,,,
2020-01-30 09:32:19.578000000,Order Execution,1580394739578000000,E,992243,,,,,,1.0,1500.0,3009537.0,992873.0,,80.0,,,,,,,,,
2020-01-30 09:32:19.678000000,Add Order,1580394739678000000,A,993543,S,7000.0,25.22,252200.0,XIU,1.0,,,,,,,,,,,,,,
2020-01-30 09:32:21.702000000,Add Order,1580394741702000000,A,1003963,B,1500.0,25.21,252100.0,XIU,1.0,,,,,,,,,,,,,,
2020-01-30 09:32:23.787000000,Add Order,1580394743787000000,A,1015656,S,7000.0,25.22,252200.0,XIU,1.0,,,,,,,,,,,,,,
2020-01-30 09:32:23.797000000,Add Order,1580394743797000000,A,1015756,S,7000.0,25.22,252200.0,XIU,1.0,,,,,,,,,,,,,,
2020-01-30 09:32:26.669000000,Add Order,1580394746669000000,A,1028204,S,7000.0,25.22,252200.0,XIU,1.0,,,,,,,,,,,,,,
2020-01-30 09:32:26.671000000,Add Order,1580394746671000000,A,1028239,B,1500.0,25.21,252100.0,XIU,1.0,,,,,,,,,,,,,,
2020-01-30 09:32:26.812000000,Add Order,1580394746812000000,A,1029104,S,1000.0,25.22,252200.0,XIU,1.0,,,,,,,,,,,,,,
2020-01-30 09:32:26.812000000,Add Order,1580394746812000000,A,1029104,S,1000.0,25.22,252200.0,XIU,1.0,,,,,,,,,,,,,,
2020-01-30 09:32:26.812000000,Add Order,1580394746812000000,A,1029104,S,1000.0,25.21,252100.0,XIU,1.0,,,,,,,,,,,,,,
2020-01-30 09:32:31.119000000,Add Order,1580394751119000000,A,1049741,S,7000.0,25.21,252100.0,XIU,1.0,,,,,,,,,,,,,,
2020-01-30 09:32:32.750000000,Add Order,1580394752750000000,A,1059512,S,7000.0,25.21,252100.0,XIU,1.0,,,,,,,,,,,,,,
2020-01-30 09:32:39.393000000,Add Order,1580394759393000000,A,1092714,S,7000.0,25.22,252200.0,XIU,1.0,,,,,,,,,,,,,,
2020-01-30 09:32:42.309000000,Add Order,1580394762309000000,A,1107306,B,1500.0,25.2,252000.0,XIU,1.0,,,,,,,,,,,,,,
2020-01-30 09:32:43.269000000,Add Order,1580394763269000000,A,1107306,B,1500.0,25.21,252100.0,XIU,1.0,,,,,,,,,,,,,,
2020-01-30 09:32:46.472000000,Order Execution,1580394766472000000,E,1107306,,,,,,1.0,1500.0,3010981.0,1125590.0,,1.0,,,,,,,,,
2020-01-30 09:32:46.787000000,Add Order,1580394766787000000,A,1128037,S,7000.0,25.22,252200.0,XIU,1.0,,,,,,,,,,,,,,
2020-01-30 09:32:49.074000000,Add Order,1580394769074000000,A,1139310,S,1500.0,25.21,252100.0,XIU,1.0,,,,,,,,,,,,,,
2020-01-30 09:32:49.077000000,Add Order,1580394769077000000,A,1139324,S,7000.0,25.22,252200.0,XIU,1.0,,,,,,,,,,,,,,
2020-01-30 09:32:50.962000000,Add Order,1580394770962000000,A,1149340,S,7000.0,25.21,252100.0,XIU,1.0,,,,,,,,,,,,,,
2020-01-30 09:32:51.840000000,Add Order,1580394771840000000,A,1154934,S,7000.0,25.21,252100.0,XIU,1.0,,,,,,,,,,,,,,
2020-01-30 09:32:53.578000000,Add Order,1580394773578000000,A,1162703,S,1500.0,25.21,252100.0,XIU,1.0,,,,,,,,,,,,,,
2020-01-30 09:32:56.061000000,Add Order,1580394776061000000,A,1162703,S,1500.0,25.2,252000.0,XIU,1.0,,,,,,,,,,,,,,
2020-01-30 09:32:57.295000000,Add Order,1580394777295000000,A,1179573,S,7000.0,25.2,252000.0,XIU,1.0,,,,,,,,,,,,,,
2020-01-30 09:32:57.511000000,Add Order,1580394777511000000,A,1180592,S,7000.0,25.2,252000.0,XIU,1.0,,,,,,,,,,,,,,
2020-01-30 09:32:58.774000000,Add Order,1580394778774000000,A,1185283,S,7000.0,25.2,252000.0,XIU,1.0,,,,,,,,,,,,,,
2020-01-30 09:33:00.564000000,Add Order,1580394780564000000,A,1195901,S,1500.0,25.2,252000.0,XIU,1.0,,,,,,,,,,,,,,
2020-01-30 09:33:01.011000000,Add Order,1580394781011000000,A,1199417,S,1500.0,25.2,252000.0,XIU,1.0,,,,,,,,,,,,,,
2020-01-30 09:33:01.012000000,Add Order,1580394781012000000,A,1195901,S,1500.0,25.19,251900.0,XIU,1.0,,,,,,,,,,,,,,
2020-01-30 09:33:01.012000000,Add Order,1580394781012000000,A,1199417,S,1500.0,25.19,251900.0,XIU,1.0,,,,,,,,,,,,,,
2020-01-30 09:33:03.164000000,Add Order,1580394783164000000,A,1216066,B,1500.0,25.18,251800.0,XIU,1.0,,,,,,,,,,,,,,
2020-01-30 09:33:03.959000000,Add Order,1580394783959000000,A,1220271,B,1500.0,25.18,251800.0,XIU,1.0,,,,,,,,,,,,,,
2020-01-30 09:33:04.502000000,Add Order,1580394784502000000,A,1223837,B,1500.0,25.18,251800.0,XIU,1.0,,,,,,,,,,,,,,
2020-01-30 09:33:14.419000000,Add Order,1580394794419000000,A,1272775,S,1500.0,25.18,251800.0,XIU,1.0,,,,,,,,,,,,,,
2020-01-30 09:33:15.271000000,Order Execution,1580394795271000000,E,1272775,,,,,,1.0,1500.0,3012325.0,1278116.0,,80.0,,,,,,,,,
2020-01-30 09:33:20.485000000,Add Order,1580394800485000000,A,1306400,B,1500.0,25.17,251700.0,XIU,1.0,,,,,,,,,,,,,,
2020-01-30 09:33:20.561000000,Add Order,1580394800561000000,A,1306400,B,1500.0,25.18,251800.0,XIU,1.0,,,,,,,,,,,,,,
2020-01-30 09:33:30.845000000,Add Order,1580394810845000000,A,1365000,B,1500.0,25.18,251800.0,XIU,1.0,,,,,,,,,,,,,,
2020-01-30 09:33:30.851000000,Add Order,1580394810851000000,A,1365347,B,1500.0,25.18,251800.0,XIU,1.0,,,,,,,,,,,,,,
2020-01-30 09:33:33.131000000,Add Order,1580394813131000000,A,1377730,S,7000.0,25.2,252000.0,XIU,1.0,,,,,,,,,,,,,,
2020-01-30 09:33:36.849000000,Add Order,1580394816849000000,A,1394664,S,7000.0,25.21,252100.0,XIU,1.0,,,,,,,,,,,,,,
2020-01-30 09:33:36.851000000,Add Order,1580394816851000000,A,1365000,B,1500.0,25.19,251900.0,XIU,1.0,,,,,,,,,,,,,,
2020-01-30 09:33:36.851000000,Add Order,1580394816851000000,A,1365347,B,1500.0,25.19,251900.0,XIU,1.0,,,,,,,,,,,,,,
2020-01-30 09:33:38.105000000,Add Order,1580394818105000000,A,1404174,S,7000.0,25.2,252000.0,XIU,1.0,,,,,,,,,,,,,,
2020-01-30 09:33:38.993000000,Order Execution,1580394818993000000,E,1365000,,,,,,1.0,1500.0,3013557.0,1410095.0,,1.0,,,,,,,,,
2020-01-30 09:33:38.993000000,Order Execution,1580394818993000000,E,1365347,,,,,,1.0,1500.0,3013558.0,1410095.0,,1.0,,,,,,,,,
2020-01-30 09:33:38.994000000,Add Order,1580394818994000000,A,1410175,S,3500.0,25.19,251900.0,XIU,1.0,,,,,,,,,,,,,,
2020-01-30 09:33:38.994000000,Add Order,1580394818994000000,A,1410213,S,7000.0,25.2,252000.0,XIU,1.0,,,,,,,,,,,,,,
2020-01-30 09:33:39.125000000,Add Order,1580394819125000000,A,1411453,B,1500.0,25.19,251900.0,XIU,1.0,,,,,,,,,,,,,,
2020-01-30 09:33:39.636000000,Add Order,1580394819636000000,A,1413323,B,1500.0,25.19,251900.0,XIU,1.0,,,,,,,,,,,,,,
2020-01-30 09:33:41.059000000,Add Order,1580394821059000000,A,1420103,B,900.0,25.19,251900.0,XIU,1.0,,,,,,,,,,,,,,
2020-01-30 09:33:42.737000000,Add Order,1580394822737000000,A,1426900,S,1500.0,25.19,251900.0,XIU,1.0,,,,,,,,,,,,,,
2020-01-30 09:33:47.228000000,Add Order,1580394827228000000,A,1446900,S,7000.0,25.19,251900.0,XIU,1.0,,,,,,,,,,,,,,
2020-01-30 09:33:48.128000000,Add Order,1580394828128000000,A,1450870,S,7000.0,25.19,251900.0,XIU,1.0,,,,,,,,,,,,,,
2020-01-30 09:33:50.425000000,Add Order,1580394830425000000,A,1461529,S,7000.0,25.19,251900.0,XIU,1.0,,,,,,,,,,,,,,
2020-01-30 09:33:51.043000000,Add Order,1580394831043000000,A,1464492,S,7000.0,25.19,251900.0,XIU,1.0,,,,,,,,,,,,,,
2020-01-30 09:33:53.015000000,Add Order,1580394833015000000,A,1472776,S,1500.0,25.19,251900.0,XIU,1.0,,,,,,,,,,,,,,
2020-01-30 09:33:56.104000000,Add Order,1580394836104000000,A,1489158,S,1500.0,25.19,251900.0,XIU,1.0,,,,,,,,,,,,,,
2020-01-30 09:33:56.104000000,Add Order,1580394836104000000,A,1489161,S,3500.0,25.19,251900.0,XIU,1.0,,,,,,,,,,,,,,
2020-01-30 09:33:56.105000000,Add Order,1580394836105000000,A,1489166,S,7000.0,25.2,252000.0,XIU,1.0,,,,,,,,,,,,,,
2020-01-30 09:33:57.389000000,Add Order,1580394837389000000,A,1494926,S,1500.0,25.19,251900.0,XIU,1.0,,,,,,,,,,,,,,
2020-01-30 09:34:00.966000000,Add Order,1580394840966000000,A,1510928,S,1500.0,25.19,251900.0,XIU,1.0,,,,,,,,,,,,,,
2020-01-30 09:34:01.234000000,Add Order,1580394841234000000,A,1512711,S,7000.0,25.19,251900.0,XIU,1.0,,,,,,,,,,,,,,
2020-01-30 09:34:01.644000000,Add Order,1580394841644000000,A,1514883,S,1500.0,25.19,251900.0,XIU,1.0,,,,,,,,,,,,,,
2020-01-30 09:34:02.807000000,Order Execution,1580394842807000000,E,1514883,,,,,,1.0,1500.0,3014327.0,1520373.0,,80.0,,,,,,,,,
2020-01-30 09:34:02.907000000,Add Order,1580394842907000000,A,1520950,S,1500.0,25.19,251900.0,XIU,1.0,,,,,,,,,,,,,,
2020-01-30 09:34:04.340000000,Add Order,1580394844340000000,A,1527951,S,7000.0,25.19,251900.0,XIU,1.0,,,,,,,,,,,,,,
2020-01-30 09:34:09.899000000,Add Order,1580394849899000000,A,1553412,S,7000.0,25.19,251900.0,XIU,1.0,,,,,,,,,,,,,,
2020-01-30 09:34:11.713000000,Add Order,1580394851713000000,A,1563985,S,1500.0,25.18,251800.0,XIU,1.0,,,,,,,,,,,,,,
2020-01-30 09:34:11.713000000,Add Order,1580394851713000000,A,1563990,S,3500.0,25.18,251800.0,XIU,1.0,,,,,,,,,,,,,,
2020-01-30 09:34:12.833000000,Add Order,1580394852833000000,A,1571579,S,7000.0,25.18,251800.0,XIU,1.0,,,,,,,,,,,,,,
2020-01-30 09:34:18.114000000,Add Order,1580394858114000000,A,1604522,S,1500.0,25.17,251700.0,XIU,1.0,,,,,,,,,,,,,,
2020-01-30 09:34:27.472000000,Add Order,1580394867472000000,A,1653157,S,3500.0,25.18,251800.0,XIU,1.0,,,,,,,,,,,,,,
2020-01-30 09:34:28.036000000,Add Order,1580394868036000000,A,1656032,S,1500.0,25.18,251800.0,XIU,1.0,,,,,,,,,,,,,,
2020-01-30 09:34:31.244000000,Add Order,1580394871244000000,A,1668090,S,7000.0,25.18,251800.0,XIU,1.0,,,,,,,,,,,,,,
2020-01-30 09:34:34.899000000,Add Order,1580394874899000000,A,1684983,S,1500.0,25.18,251800.0,XIU,1.0,,,,,,,,,,,,,,
2020-01-30 09:34:34.903000000,Add Order,1580394874903000000,A,1685094,S,7000.0,25.18,251800.0,XIU,1.0,,,,,,,,,,,,,,
2020-01-30 09:34:38.809000000,Add Order,1580394878809000000,A,1707858,S,1500.0,25.18,251800.0,XIU,1.0,,,,,,,,,,,,,,
2020-01-30 09:34:38.938000000,Add Order,1580394878938000000,A,1708276,S,7000.0,25.18,251800.0,XIU,1.0,,,,,,,,,,,,,,
2020-01-30 09:34:45.128000000,Add Order,1580394885128000000,A,1738173,S,1500.0,25.17,251700.0,XIU,1.0,,,,,,,,,,,,,,
2020-01-30 09:34:47.061000000,Add Order,1580394887061000000,A,1746972,S,1500.0,25.17,251700.0,XIU,1.0,,,,,,,,,,,,,,
2020-01-30 09:34:47.178000000,Add Order,1580394887178000000,A,1747963,S,7000.0,25.17,251700.0,XIU,1.0,,,,,,,,,,,,,,
2020-01-30 09:34:47.845000000,Add Order,1580394887845000000,A,1752130,S,7000.0,25.17,251700.0,XIU,1.0,,,,,,,,,,,,,,
2020-01-30 09:34:47.845000000,Add Order,1580394887845000000,A,1752131,S,1500.0,25.17,251700.0,XIU,1.0,,,,,,,,,,,,,,
2020-01-30 09:34:51.830000000,Add Order,1580394891830000000,A,1774936,B,1500.0,25.16,251600.0,XIU,1.0,,,,,,,,,,,,,,
2020-01-30 09:34:59.082000000,Add Order,1580394899082000000,A,1813006,S,1500.0,25.16,251600.0,XIU,1.0,,,,,,,,,,,,,,
2020-01-30 09:34:59.083000000,Add Order,1580394899083000000,A,1813008,S,7000.0,25.16,251600.0,XIU,1.0,,,,,,,,,,,,,,
2020-01-30 09:35:01.103000000,Add Order,1580394901103000000,A,1830262,S,1500.0,25.16,251600.0,XIU,1.0,,,,,,,,,,,,,,
2020-01-30 09:35:01.104000000,Add Order,1580394901104000000,A,1830273,S,7000.0,25.16,251600.0,XIU,1.0,,,,,,,,,,,,,,
2020-01-30 09:35:01.199000000,Add Order,1580394901199000000,A,1831161,B,700.0,25.14,251400.0,XIU,1.0,,,,,,,,,,,,,,
2020-01-30 09:35:01.199000000,Add Order,1580394901199000000,A,1831162,B,1500.0,25.14,251400.0,XIU,1.0,,,,,,,,,,,,,,
2020-01-30 09:35:01.210000000,Add Order,1580394901210000000,A,1831262,S,700.0,25.17,251700.0,XIU,1.0,,,,,,,,,,,,,,
2020-01-30 09:35:01.210000000,Add Order,1580394901210000000,A,1831264,S,1500.0,25.17,251700.0,XIU,1.0,,,,,,,,,,,,,,
2020-01-30 09:35:01.302000000,Add Order,1580394901302000000,A,1832325,B,1500.0,25.15,251500.0,XIU,1.0,,,,,,,,,,,,,,
2020-01-30 09:35:01.487000000,Add Order,1580394901487000000,A,1833952,B,1500.0,25.15,251500.0,XIU,1.0,,,,,,,,,,,,,,
2020-01-30 09:35:01.488000000,Add Order,1580394901488000000,A,1834133,B,1500.0,25.09,250900.0,XIU,1.0,,,,,,,,,,,,,,
2020-01-30 09:35:01.489000000,Add Order,1580394901489000000,A,1834192,S,1500.0,25.21,252100.0,XIU,1.0,,,,,,,,,,,,,,
2020-01-30 09:35:01.500000000,Add Order,1580394901500000000,A,1834653,B,1500.0,25.13,251300.0,XIU,1.0,,,,,,,,,,,,,,
2020-01-30 09:35:01.611000000,Add Order,1580394901611000000,A,1836546,S,1500.0,25.16,251600.0,XIU,1.0,,,,,,,,,,,,,,
2020-01-30 09:35:01.620000000,Add Order,1580394901620000000,A,1836693,B,1500.0,25.04,250400.0,XIU,1.0,,,,,,,,,,,,,,
2020-01-30 09:35:01.971000000,Add Order,1580394901971000000,A,1839888,B,1500.0,25.15,251500.0,XIU,1.0,,,,,,,,,,,,,,
2020-01-30 09:35:02.188000000,Add Order,1580394902188000000,A,1843715,S,1500.0,25.16,251600.0,XIU,1.0,,,,,,,,,,,,,,
2020-01-30 09:35:02.189000000,Add Order,1580394902189000000,A,1843716,B,1500.0,25.14,251400.0,XIU,1.0,,,,,,,,,,,,,,
2020-01-30 09:35:02.344000000,Add Order,1580394902344000000,A,1845338,B,1500.0,25.15,251500.0,XIU,1.0,,,,,,,,,,,,,,
2020-01-30 09:35:02.508000000,Add Order,1580394902508000000,A,1846535,B,1500.0,25.15,251500.0,XIU,1.0,,,,,,,,,,,,,,
2020-01-30 09:35:02.518000000,Add Order,1580394902518000000,A,1846743,B,1500.0,25.15,251500.0,XIU,1.0,,,,,,,,,,,,,,
2020-01-30 09:35:02.582000000,Add Order,1580394902582000000,A,1847336,B,1500.0,25.15,251500.0,XIU,1.0,,,,,,,,,,,,,,
2020-01-30 09:35:03.456000000,Add Order,1580394903456000000,A,1855366,B,1500.0,25.14,251400.0,XIU,1.0,,,,,,,,,,,,,,
2020-01-30 09:35:04.042000000,Add Order,1580394904042000000,A,1859011,B,1500.0,25.12,251200.0,XIU,1.0,,,,,,,,,,,,,,
2020-01-30 09:35:04.815000000,Add Order,1580394904815000000,A,1864743,B,1500.0,25.1,251000.0,XIU,1.0,,,,,,,,,,,,,,
2020-01-30 09:35:04.835000000,Add Order,1580394904835000000,A,1865055,B,1500.0,25.11,251100.0,XIU,1.0,,,,,,,,,,,,,,
2020-01-30 09:35:04.839000000,Add Order,1580394904839000000,A,1865095,B,700.0,25.13,251300.0,XIU,1.0,,,,,,,,,,,,,,
2020-01-30 09:35:04.839000000,Add Order,1580394904839000000,A,1865098,S,1500.0,25.16,251600.0,XIU,1.0,,,,,,,,,,,,,,
2020-01-30 09:35:04.839000000,Add Order,1580394904839000000,A,1865099,S,3500.0,25.15,251500.0,XIU,1.0,,,,,,,,,,,,,,
2020-01-30 09:35:04.839000000,Add Order,1580394904839000000,A,1865100,S,1500.0,25.16,251600.0,XIU,1.0,,,,,,,,,,,,,,
2020-01-30 09:35:04.839000000,Add Order,1580394904839000000,A,1865098,S,1500.0,25.15,251500.0,XIU,1.0,,,,,,,,,,,,,,
2020-01-30 09:35:04.839000000,Add Order,1580394904839000000,A,1865100,S,1500.0,25.15,251500.0,XIU,1.0,,,,,,,,,,,,,,
2020-01-30 09:35:05.462000000,Add Order,1580394905462000000,A,1870642,B,1500.0,25.14,251400.0,XIU,1.0,,,,,,,,,,,,,,
2020-01-30 09:35:05.462000000,Add Order,1580394905462000000,A,1870642,B,1500.0,25.15,251500.0,XIU,1.0,,,,,,,,,,,,,,
2020-01-30 09:35:05.462000000,Add Order,1580394905462000000,A,1870663,B,1500.0,25.15,251500.0,XIU,1.0,,,,,,,,,,,,,,
2020-01-30 09:35:05.507000000,Add Order,1580394905507000000,A,1871100,S,1500.0,25.2,252000.0,XIU,1.0,,,,,,,,,,,,,,
2020-01-30 09:35:05.713000000,Add Order,1580394905713000000,A,1873430,S,1500.0,25.16,251600.0,XIU,1.0,,,,,,,,,,,,,,
2020-01-30 09:35:05.713000000,Add Order,1580394905713000000,A,1873432,B,1500.0,25.14,251400.0,XIU,1.0,,,,,,,,,,,,,,
2020-01-30 09:35:05.715000000,Add Order,1580394905715000000,A,1873463,S,1500.0,25.18,251800.0,XIU,1.0,,,,,,,,,,,,,,
2020-01-30 09:35:06.315000000,Add Order,1580394906315000000,A,1878332,B,1500.0,25.15,251500.0,XIU,1.0,,,,,,,,,,,,,,
2020-01-30 09:35:06.339000000,Add Order,1580394906339000000,A,1878721,S,1500.0,25.16,251600.0,XIU,1.0,,,,,,,,,,,,,,
2020-01-30 09:35:06.339000000,Add Order,1580394906339000000,A,1878723,B,1500.0,25.14,251400.0,XIU,1.0,,,,,,,,,,,,,,
2020-01-30 09:35:06.664000000,Add Order,1580394906664000000,A,1881456,S,1000.0,25.15,251500.0,XIU,1.0,,,,,,,,,,,,,,
2020-01-30 09:35:06.664000000,Add Order,1580394906664000000,A,1881460,S,1000.0,25.15,251500.0,XIU,1.0,,,,,,,,,,,,,,
2020-01-30 09:35:06.833000000,Add Order,1580394906833000000,A,1884062,S,7000.0,25.15,251500.0,XIU,1.0,,,,,,,,,,,,,,
2020-01-30 09:35:06.834000000,Add Order,1580394906834000000,A,1884072,S,1500.0,25.15,251500.0,XIU,1.0,,,,,,,,,,,,,,
2020-01-30 09:35:07.263000000,Add Order,1580394907263000000,A,1888780,S,1500.0,25.15,251500.0,XIU,1.0,,,,,,,,,,,,,,
2020-01-30 09:35:07.348000000,Add Order,1580394907348000000,A,1889696,S,1500.0,25.25,252500.0,XIU,1.0,,,,,,,,,,,,,,
2020-01-30 09:35:07.453000000,Add Order,1580394907453000000,A,1890478,S,1500.0,25.15,251500.0,XIU,1.0,,,,,,,,,,,,,,
2020-01-30 09:35:07.565000000,Add Order,1580394907565000000,A,1891595,S,7000.0,25.15,251500.0,XIU,1.0,,,,,,,,,,,,,,
2020-01-30 09:35:07.565000000,Add Order,1580394907565000000,A,1891596,S,1500.0,25.15,251500.0,XIU,1.0,,,,,,,,,,,,,,
2020-01-30 09:35:08.096000000,Add Order,1580394908096000000,A,1896144,S,7000.0,25.15,251500.0,XIU,1.0,,,,,,,,,,,,,,
2020-01-30 09:35:08.096000000,Add Order,1580394908096000000,A,1896145,S,1500.0,25.15,251500.0,XIU,1.0,,,,,,,,,,,,,,
2020-01-30 09:35:08.528000000,Add Order,1580394908528000000,A,1899021,B,1500.0,25.03,250300.0,XIU,1.0,,,,,,,,,,,,,,
2020-01-30 09:35:08.793000000,Add Order,1580394908793000000,A,1900668,S,1500.0,25.15,251500.0,XIU,1.0,,,,,,,,,,,,,,
2020-01-30 09:35:08.794000000,Add Order,1580394908794000000,A,1900712,B,1500.0,25.14,251400.0,XIU,1.0,,,,,,,,,,,,,,
2020-01-30 09:35:08.833000000,Add Order,1580394908833000000,A,1901100,B,1500.0,25.14,251400.0,XIU,1.0,,,,,,,,,,,,,,
2020-01-30 09:35:08.835000000,Add Order,1580394908835000000,A,1901122,B,1500.0,25.14,251400.0,XIU,1.0,,,,,,,,,,,,,,
2020-01-30 09:35:09.351000000,Add Order,1580394909351000000,A,1905837,S,1500.0,25.19,251900.0,XIU,1.0,,,,,,,,,,,,,,
2020-01-30 09:35:09.442000000,Add Order,1580394909442000000,A,1907094,S,700.0,25.15,251500.0,XIU,1.0,,,,,,,,,,,,,,
2020-01-30 09:35:09.494000000,Add Order,1580394909494000000,A,1908087,B,1500.0,25.14,251400.0,XIU,1.0,,,,,,,,,,,,,,
2020-01-30 09:35:09.679000000,Add Order,1580394909679000000,A,1909866,B,1500.0,25.14,251400.0,XIU,1.0,,,,,,,,,,,,,,
2020-01-30 09:35:09.803000000,Add Order,1580394909803000000,A,1910337,B,700.0,25.12,251200.0,XIU,1.0,,,,,,,,,,,,,,
2020-01-30 09:35:09.828000000,Add Order,1580394909828000000,A,1910568,B,1500.0,25.08,250800.0,XIU,1.0,,,,,,,,,,,,,,
2020-01-30 09:35:09.892000000,Add Order,1580394909892000000,A,1911284,S,1500.0,25.15,251500.0,XIU,1.0,,,,,,,,,,,,,,
2020-01-30 09:35:09.892000000,Add Order,1580394909892000000,A,1911298,B,1500.0,25.13,251300.0,XIU,1.0,,,,,,,,,,,,,,
2020-01-30 09:35:09.894000000,Add Order,1580394909894000000,A,1911432,S,1500.0,25.15,251500.0,XIU,1.0,,,,,,,,,,,,,,
2020-01-30 09:35:09.895000000,Add Order,1580394909895000000,A,1911439,B,1500.0,25.13,251300.0,XIU,1.0,,,,,,,,,,,,,,
2020-01-30 09:35:10.472000000,Add Order,1580394910472000000,A,1917882,S,1000.0,25.15,251500.0,XIU,1.0,,,,,,,,,,,,,,
2020-01-30 09:35:10.473000000,Add Order,1580394910473000000,A,1917883,S,3500.0,25.14,251400.0,XIU,1.0,,,,,,,,,,,,,,
2020-01-30 09:35:10.473000000,Add Order,1580394910473000000,A,1917885,S,1500.0,25.15,251500.0,XIU,1.0,,,,,,,,,,,,,,
2020-01-30 09:35:10.473000000,Add Order,1580394910473000000,A,1917882,S,1000.0,25.14,251400.0,XIU,1.0,,,,,,,,,,,,,,
2020-01-30 09:35:10.473000000,Add Order,1580394910473000000,A,1917885,S,1500.0,25.14,251400.0,XIU,1.0,,,,,,,,,,,,,,
2020-01-30 09:35:10.474000000,Add Order,1580394910474000000,A,1917903,S,700.0,25.15,251500.0,XIU,1.0,,,,,,,,,,,,,,
2020-01-30 09:35:10.474000000,Add Order,1580394910474000000,A,1917904,S,7000.0,25.14,251400.0,XIU,1.0,,,,,,,,,,,,,,
2020-01-30 09:35:10.500000000,Add Order,1580394910500000000,A,1918268,B,1500.0,25.13,251300.0,XIU,1.0,,,,,,,,,,,,,,
2020-01-30 09:35:10.672000000,Add Order,1580394910672000000,A,1920566,B,1500.0,25.13,251300.0,XIU,1.0,,,,,,,,,,,,,,
2020-01-30 09:35:10.704000000,Add Order,1580394910704000000,A,1920782,B,1500.0,25.13,251300.0,XIU,1.0,,,,,,,,,,,,,,
2020-01-30 09:35:10.705000000,Add Order,1580394910705000000,A,1920823,S,7000.0,25.14,251400.0,XIU,1.0,,,,,,,,,,,,,,
2020-01-30 09:35:10.705000000,Add Order,1580394910705000000,A,1920826,S,1000.0,25.14,251400.0,XIU,1.0,,,,,,,,,,,,,,
2020-01-30 09:35:10.705000000,Add Order,1580394910705000000,A,1920828,S,1500.0,25.14,251400.0,XIU,1.0,,,,,,,,,,,,,,
2020-01-30 09:35:10.706000000,Add Order,1580394910706000000,A,1920891,B,1500.0,25.13,251300.0,XIU,1.0,,,,,,,,,,,,,,
2020-01-30 09:35:10.709000000,Add Order,1580394910709000000,A,1920926,B,1500.0,25.13,251300.0,XIU,1.0,,,,,,,,,,,,,,
2020-01-30 09:35:10.724000000,Add Order,1580394910724000000,A,1921124,S,1500.0,25.24,252400.0,XIU,1.0,,,,,,,,,,,,,,
2020-01-30 09:35:10.766000000,Add Order,1580394910766000000,A,1921587,B,1500.0,25.13,251300.0,XIU,1.0,,,,,,,,,,,,,,
2020-01-30 09:35:11.180000000,Add Order,1580394911180000000,A,1925325,S,7000.0,25.14,251400.0,XIU,1.0,,,,,,,,,,,,,,
2020-01-30 09:35:11.181000000,Add Order,1580394911181000000,A,1925327,S,1000.0,25.14,251400.0,XIU,1.0,,,,,,,,,,,,,,
2020-01-30 09:35:11.181000000,Add Order,1580394911181000000,A,1925328,S,1500.0,25.14,251400.0,XIU,1.0,,,,,,,,,,,,,,
2020-01-30 09:35:11.421000000,Add Order,1580394911421000000,A,1927741,B,1500.0,25.13,251300.0,XIU,1.0,,,,,,,,,,,,,,
2020-01-30 09:35:11.977000000,Add Order,1580394911977000000,A,1930840,B,1500.0,25.13,251300.0,XIU,1.0,,,,,,,,,,,,,,
2020-01-30 09:35:11.979000000,Add Order,1580394911979000000,A,1930890,B,1500.0,25.13,251300.0,XIU,1.0,,,,,,,,,,,,,,
2020-01-30 09:35:13.678000000,Add Order,1580394913678000000,A,1944462,B,1500.0,25.14,251400.0,XIU,1.0,,,,,,,,,,,,,,
2020-01-30 09:35:14.832000000,Add Order,1580394914832000000,A,1955802,B,1500.0,25.14,251400.0,XIU,1.0,,,,,,,,,,,,,,
2020-01-30 09:35:16.056000000,Add Order,1580394916056000000,A,1965629,S,1500.0,25.15,251500.0,XIU,1.0,,,,,,,,,,,,,,
2020-01-30 09:35:16.056000000,Add Order,1580394916056000000,A,1965631,B,1500.0,25.13,251300.0,XIU,1.0,,,,,,,,,,,,,,
2020-01-30 09:35:16.327000000,Add Order,1580394916327000000,A,1967778,B,1500.0,25.14,251400.0,XIU,1.0,,,,,,,,,,,,,,
2020-01-30 09:35:16.511000000,Add Order,1580394916511000000,A,1968765,B,1500.0,25.14,251400.0,XIU,1.0,,,,,,,,,,,,,,
2020-01-30 09:35:17.023000000,Add Order,1580394917023000000,A,1971601,B,1500.0,25.14,251400.0,XIU,1.0,,,,,,,,,,,,,,
2020-01-30 09:35:17.024000000,Add Order,1580394917024000000,A,1971633,B,1500.0,25.14,251400.0,XIU,1.0,,,,,,,,,,,,,,
2020-01-30 09:35:19.792000000,Add Order,1580394919792000000,A,1989904,B,1500.0,25.14,251400.0,XIU,1.0,,,,,,,,,,,,,,
2020-01-30 09:35:19.794000000,Add Order,1580394919794000000,A,1989935,B,1500.0,25.14,251400.0,XIU,1.0,,,,,,,,,,,,,,
2020-01-30 09:35:19.799000000,Add Order,1580394919799000000,A,1990085,S,1500.0,25.15,251500.0,XIU,1.0,,,,,,,,,,,,,,
2020-01-30 09:35:20.037000000,Add Order,1580394920037000000,A,1991305,S,1500.0,25.25,252500.0,XIU,1.0,,,,,,,,,,,,,,
2020-01-30 09:35:20.068000000,Add Order,1580394920068000000,A,1991786,B,1500.0,25.14,251400.0,XIU,1.0,,,,,,,,,,,,,,
2020-01-30 09:35:20.318000000,Add Order,1580394920318000000,A,1993952,B,1500.0,25.14,251400.0,XIU,1.0,,,,,,,,,,,,,,
2020-01-30 09:35:20.709000000,Add Order,1580394920709000000,A,1996283,B,1500.0,25.14,251400.0,XIU,1.0,,,,,,,,,,,,,,
2020-01-30 09:35:20.781000000,Add Order,1580394920781000000,A,1997392,B,1500.0,25.14,251400.0,XIU,1.0,,,,,,,,,,,,,,
2020-01-30 09:35:21.055000000,Add Order,1580394921055000000,A,1999647,B,700.0,25.14,251400.0,XIU,1.0,,,,,,,,,,,,,,
2020-01-30 09:35:21.303000000,Add Order,1580394921303000000,A,2003121,B,1500.0,25.15,251500.0,XIU,1.0,,,,,,,,,,,,,,
2020-01-30 09:35:21.962000000,Add Order,1580394921962000000,A,2008414,B,1500.0,25.15,251500.0,XIU,1.0,,,,,,,,,,,,,,
2020-01-30 09:35:22.106000000,Add Order,1580394922106000000,A,2009721,B,1500.0,25.15,251500.0,XIU,1.0,,,,,,,,,,,,,,
2020-01-30 09:35:22.426000000,Add Order,1580394922426000000,A,2012330,S,1500.0,25.16,251600.0,XIU,1.0,,,,,,,,,,,,,,
2020-01-30 09:35:22.427000000,Add Order,1580394922427000000,A,2012341,B,700.0,25.14,251400.0,XIU,1.0,,,,,,,,,,,,,,
2020-01-30 09:35:23.006000000,Add Order,1580394923006000000,A,2016281,S,1500.0,25.15,251500.0,XIU,1.0,,,,,,,,,,,,,,
2020-01-30 09:35:23.616000000,Add Order,1580394923616000000,A,2021794,S,1500.0,25.15,251500.0,XIU,1.0,,,,,,,,,,,,,,
2020-01-30 09:35:23.616000000,Add Order,1580394923616000000,A,2021795,S,1000.0,25.15,251500.0,XIU,1.0,,,,,,,,,,,,,,
2020-01-30 09:35:23.838000000,Add Order,1580394923838000000,A,2023363,S,1500.0,25.15,251500.0,XIU,1.0,,,,,,,,,,,,,,
2020-01-30 09:35:23.983000000,Add Order,1580394923983000000,A,2024342,S,1000.0,25.15,251500.0,XIU,1.0,,,,,,,,,,,,,,
2020-01-30 09:35:23.983000000,Add Order,1580394923983000000,A,2024343,S,1500.0,25.15,251500.0,XIU,1.0,,,,,,,,,,,,,,
2020-01-30 09:35:24.188000000,Add Order,1580394924188000000,A,2025895,S,1500.0,25.15,251500.0,XIU,1.0,,,,,,,,,,,,,,
2020-01-30 09:35:24.188000000,Add Order,1580394924188000000,A,2025896,S,1000.0,25.15,251500.0,XIU,1.0,,,,,,,,,,,,,,
2020-01-30 09:35:24.346000000,Add Order,1580394924346000000,A,2026723,B,700.0,25.14,251400.0,XIU,1.0,,,,,,,,,,,,,,
2020-01-30 09:35:24.522000000,Add Order,1580394924522000000,A,2027464,B,1500.0,25.15,251500.0,XIU,1.0,,,,,,,,,,,,,,
2020-01-30 09:35:24.522000000,Add Order,1580394924522000000,A,2027465,S,1500.0,25.16,251600.0,XIU,1.0,,,,,,,,,,,,,,
2020-01-30 09:35:24.523000000,Add Order,1580394924523000000,A,2027474,S,1500.0,25.15,251500.0,XIU,1.0,,,,,,,,,,,,,,
2020-01-30 09:35:24.523000000,Add Order,1580394924523000000,A,2027476,S,1000.0,25.15,251500.0,XIU,1.0,,,,,,,,,,,,,,
2020-01-30 09:35:24.523000000,Add Order,1580394924523000000,A,2027482,B,700.0,25.14,251400.0,XIU,1.0,,,,,,,,,,,,,,
2020-01-30 09:35:25.164000000,Add Order,1580394925164000000,A,2031113,B,700.0,25.14,251400.0,XIU,1.0,,,,,,,,,,,,,,
2020-01-30 09:35:25.164000000,Add Order,1580394925164000000,A,2031115,S,200.0,25.15,251500.0,XIU,1.0,,,,,,,,,,,,,,
2020-01-30 09:35:25.973000000,Add Order,1580394925973000000,A,2038451,B,1500.0,25.03,250300.0,XIU,1.0,,,,,,,,,,,,,,
2020-01-30 09:35:26.156000000,Add Order,1580394926156000000,A,2039959,B,1500.0,25.13,251300.0,XIU,1.0,,,,,,,,,,,,,,
2020-01-30 09:35:26.287000000,Add Order,1580394926287000000,A,2040677,B,1500.0,25.14,251400.0,XIU,1.0,,,,,,,,,,,,,,
2020-01-30 09:35:26.399000000,Add Order,1580394926399000000,A,2041240,S,1000.0,25.15,251500.0,XIU,1.0,,,,,,,,,,,,,,
2020-01-30 09:35:26.399000000,Add Order,1580394926399000000,A,2041245,S,1000.0,25.15,251500.0,XIU,1.0,,,,,,,,,,,,,,
2020-01-30 09:35:26.399000000,Add Order,1580394926399000000,A,2041248,B,1500.0,25.14,251400.0,XIU,1.0,,,,,,,,,,,,,,
2020-01-30 09:35:26.406000000,Add Order,1580394926406000000,A,2041300,B,1500.0,25.14,251400.0,XIU,1.0,,,,,,,,,,,,,,
2020-01-30 09:35:26.661000000,Add Order,1580394926661000000,A,2042989,B,1500.0,25.14,251400.0,XIU,1.0,,,,,,,,,,,,,,
2020-01-30 09:35:26.665000000,Add Order,1580394926665000000,A,2043181,B,1500.0,25.14,251400.0,XIU,1.0,,,,,,,,,,,,,,
2020-01-30 09:35:27.761000000,Add Order,1580394927761000000,A,2050053,B,1500.0,25.15,251500.0,XIU,1.0,,,,,,,,,,,,,,
2020-01-30 09:35:28.494000000,Add Order,1580394928494000000,A,2055396,B,1500.0,25.15,251500.0,XIU,1.0,,,,,,,,,,,,,,
2020-01-30 09:35:28.521000000,Add Order,1580394928521000000,A,2055622,S,1500.0,25.16,251600.0,XIU,1.0,,,,,,,,,,,,,,
2020-01-30 09:35:29.256000000,Add Order,1580394929256000000,A,2060991,B,700.0,25.14,251400.0,XIU,1.0,,,,,,,,,,,,,,
2020-01-30 09:35:29.257000000,Add Order,1580394929257000000,A,2061021,B,1500.0,25.15,251500.0,XIU,1.0,,,,,,,,,,,,,,
2020-01-30 09:35:29.337000000,Add Order,1580394929337000000,A,2061695,B,1500.0,25.15,251500.0,XIU,1.0,,,,,,,,,,,,,,
2020-01-30 09:35:29.542000000,Add Order,1580394929542000000,A,2062739,B,1500.0,25.15,251500.0,XIU,1.0,,,,,,,,,,,,,,
2020-01-30 09:35:29.621000000,Add Order,1580394929621000000,A,2063068,S,7000.0,25.17,251700.0,XIU,1.0,,,,,,,,,,,,,,
2020-01-30 09:35:29.624000000,Add Order,1580394929624000000,A,2063099,S,1500.0,25.16,251600.0,XIU,1.0,,,,,,,,,,,,,,
2020-01-30 09:35:29.659000000,Add Order,1580394929659000000,A,2063363,B,1500.0,25.15,251500.0,XIU,1.0,,,,,,,,,,,,,,
2020-01-30 09:35:30.014000000,Add Order,1580394930014000000,A,2065047,B,1500.0,25.15,251500.0,XIU,1.0,,,,,,,,,,,,,,
2020-01-30 09:35:30.094000000,Add Order,1580394930094000000,A,2066052,S,7000.0,25.16,251600.0,XIU,1.0,,,,,,,,,,,,,,
2020-01-30 09:35:30.094000000,Add Order,1580394930094000000,A,2066054,S,1500.0,25.16,251600.0,XIU,1.0,,,,,,,,,,,,,,
2020-01-30 09:35:30.161000000,Add Order,1580394930161000000,A,2066871,B,1500.0,25.15,251500.0,XIU,1.0,,,,,,,,,,,,,,
2020-01-30 09:35:30.227000000,Add Order,1580394930227000000,A,2067582,B,1500.0,25.15,251500.0,XIU,1.0,,,,,,,,,,,,,,
2020-01-30 09:35:30.444000000,Add Order,1580394930444000000,A,2069315,B,1500.0,25.15,251500.0,XIU,1.0,,,,,,,,,,,,,,
2020-01-30 09:35:30.780000000,Add Order,1580394930780000000,A,2071149,B,1500.0,25.15,251500.0,XIU,1.0,,,,,,,,,,,,,,
2020-01-30 09:35:30.786000000,Add Order,1580394930786000000,A,2071238,B,1500.0,25.15,251500.0,XIU,1.0,,,,,,,,,,,,,,
2020-01-30 09:35:31.123000000,Add Order,1580394931123000000,A,2072903,B,1500.0,25.15,251500.0,XIU,1.0,,,,,,,,,,,,,,
2020-01-30 09:35:31.160000000,Add Order,1580394931160000000,A,2073298,S,1500.0,25.26,252600.0,XIU,1.0,,,,,,,,,,,,,,
2020-01-30 09:35:31.264000000,Add Order,1580394931264000000,A,2074028,S,1500.0,25.16,251600.0,XIU,1.0,,,,,,,,,,,,,,
2020-01-30 09:35:31.860000000,Add Order,1580394931860000000,A,2080624,B,1500.0,25.15,251500.0,XIU,1.0,,,,,,,,,,,,,,
2020-01-30 09:35:31.860000000,Add Order,1580394931860000000,A,2080624,B,1500.0,25.16,251600.0,XIU,1.0,,,,,,,,,,,,,,
2020-01-30 09:35:31.862000000,Add Order,1580394931862000000,A,2080882,S,700.0,25.17,251700.0,XIU,1.0,,,,,,,,,,,,,,
2020-01-30 09:35:31.862000000,Add Order,1580394931862000000,A,2080897,B,700.0,25.14,251400.0,XIU,1.0,,,,,,,,,,,,,,
2020-01-30 09:35:31.867000000,Add Order,1580394931867000000,A,2081130,S,1500.0,25.22,252200.0,XIU,1.0,,,,,,,,,,,,,,
2020-01-30 09:35:31.999000000,Add Order,1580394931999000000,A,2082929,B,1500.0,25.04,250400.0,XIU,1.0,,,,,,,,,,,,,,
2020-01-30 09:35:32.195000000,Add Order,1580394932195000000,A,2084647,S,1500.0,25.17,251700.0,XIU,1.0,,,,,,,,,,,,,,
2020-01-30 09:35:32.709000000,Add Order,1580394932709000000,A,2088288,B,1500.0,25.15,251500.0,XIU,1.0,,,,,,,,,,,,,,
2020-01-30 09:35:32.709000000,Add Order,1580394932709000000,A,2088289,S,1500.0,25.17,251700.0,XIU,1.0,,,,,,,,,,,,,,
2020-01-30 09:35:33.143000000,Add Order,1580394933143000000,A,2090800,B,1500.0,25.15,251500.0,XIU,1.0,,,,,,,,,,,,,,
2020-01-30 09:35:33.228000000,Add Order,1580394933228000000,A,2091403,B,1500.0,25.15,251500.0,XIU,1.0,,,,,,,,,,,,,,
2020-01-30 09:35:33.243000000,Add Order,1580394933243000000,A,2091663,B,1500.0,25.15,251500.0,XIU,1.0,,,,,,,,,,,,,,
2020-01-30 09:35:33.328000000,Add Order,1580394933328000000,A,2093693,B,1500.0,25.16,251600.0,XIU,1.0,,,,,,,,,,,,,,
2020-01-30 09:35:33.809000000,Add Order,1580394933809000000,A,2097741,S,1500.0,25.27,252700.0,XIU,1.0,,,,,,,,,,,,,,
2020-01-30 09:35:34.133000000,Add Order,1580394934133000000,A,2100133,S,700.0,25.18,251800.0,XIU,1.0,,,,,,,,,,,,,,
2020-01-30 09:35:34.134000000,Add Order,1580394934134000000,A,2100146,B,1500.0,25.16,251600.0,XIU,1.0,,,,,,,,,,,,,,
2020-01-30 09:35:34.136000000,Add Order,1580394934136000000,A,2100192,B,1500.0,25.16,251600.0,XIU,1.0,,,,,,,,,,,,,,
2020-01-30 09:35:34.164000000,Add Order,1580394934164000000,A,2100332,B,1500.0,25.16,251600.0,XIU,1.0,,,,,,,,,,,,,,
2020-01-30 09:35:34.844000000,Add Order,1580394934844000000,A,2104641,B,1500.0,25.16,251600.0,XIU,1.0,,,,,,,,,,,,,,
2020-01-30 09:35:34.866000000,Add Order,1580394934866000000,A,2104991,S,7000.0,25.18,251800.0,XIU,1.0,,,,,,,,,,,,,,
2020-01-30 09:35:35.092000000,Add Order,1580394935092000000,A,2106800,S,7000.0,25.17,251700.0,XIU,1.0,,,,,,,,,,,,,,
2020-01-30 09:35:35.092000000,Add Order,1580394935092000000,A,2106801,S,1500.0,25.17,251700.0,XIU,1.0,,,,,,,,,,,,,,
2020-01-30 09:35:35.207000000,Add Order,1580394935207000000,A,2108323,B,1500.0,25.16,251600.0,XIU,1.0,,,,,,,,,,,,,,
2020-01-30 09:35:36.338000000,Add Order,1580394936338000000,A,2115366,B,1500.0,25.16,251600.0,XIU,1.0,,,,,,,,,,,,,,
2020-01-30 09:35:36.375000000,Add Order,1580394936375000000,A,2115998,B,1500.0,25.16,251600.0,XIU,1.0,,,,,,,,,,,,,,
2020-01-30 09:35:37.641000000,Add Order,1580394937641000000,A,2123023,B,1500.0,25.16,251600.0,XIU,1.0,,,,,,,,,,,,,,
2020-01-30 09:35:37.674000000,Add Order,1580394937674000000,A,2123784,B,1500.0,25.16,251600.0,XIU,1.0,,,,,,,,,,,,,,
2020-01-30 09:35:37.677000000,Add Order,1580394937677000000,A,2123819,B,1500.0,25.16,251600.0,XIU,1.0,,,,,,,,,,,,,,
2020-01-30 09:35:37.776000000,Add Order,1580394937776000000,A,2124813,S,1500.0,25.17,251700.0,XIU,1.0,,,,,,,,,,,,,,
2020-01-30 09:35:37.801000000,Add Order,1580394937801000000,A,2124998,S,1500.0,25.17,251700.0,XIU,1.0,,,,,,,,,,,,,,
2020-01-30 09:35:37.947000000,Add Order,1580394937947000000,A,2125673,S,7000.0,25.17,251700.0,XIU,1.0,,,,,,,,,,,,,,
2020-01-30 09:35:37.947000000,Add Order,1580394937947000000,A,2125678,S,1500.0,25.17,251700.0,XIU,1.0,,,,,,,,,,,,,,
2020-01-30 09:35:37.948000000,Add Order,1580394937948000000,A,2125682,B,1500.0,25.16,251600.0,XIU,1.0,,,,,,,,,,,,,,
2020-01-30 09:35:38.136000000,Add Order,1580394938136000000,A,2126744,S,1500.0,25.17,251700.0,XIU,1.0,,,,,,,,,,,,,,
2020-01-30 09:35:38.138000000,Add Order,1580394938138000000,A,2126777,B,1500.0,25.16,251600.0,XIU,1.0,,,,,,,,,,,,,,
2020-01-30 09:35:38.538000000,Add Order,1580394938538000000,A,2129010,B,1500.0,25.16,251600.0,XIU,1.0,,,,,,,,,,,,,,
2020-01-30 09:35:41.048000000,Add Order,1580394941048000000,A,2145096,S,1500.0,25.17,251700.0,XIU,1.0,,,,,,,,,,,,,,
2020-01-30 09:35:42.197000000,Add Order,1580394942197000000,A,2151412,S,1500.0,25.17,251700.0,XIU,1.0,,,,,,,,,,,,,,
2020-01-30 09:35:42.549000000,Add Order,1580394942549000000,A,2153479,S,1500.0,25.27,252700.0,XIU,1.0,,,,,,,,,,,,,,
2020-01-30 09:35:44.624000000,Add Order,1580394944624000000,A,2166258,B,1500.0,25.05,250500.0,XIU,1.0,,,,,,,,,,,,,,
2020-01-30 09:35:45.092000000,Add Order,1580394945092000000,A,2169928,S,1500.0,25.18,251800.0,XIU,1.0,,,,,,,,,,,,,,
2020-01-30 09:35:45.258000000,Add Order,1580394945258000000,A,2170416,B,1500.0,25.16,251600.0,XIU,1.0,,,,,,,,,,,,,,
2020-01-30 09:35:45.402000000,Add Order,1580394945402000000,A,2171176,B,1500.0,25.16,251600.0,XIU,1.0,,,,,,,,,,,,,,
2020-01-30 09:35:45.486000000,Add Order,1580394945486000000,A,2171558,B,1500.0,25.16,251600.0,XIU,1.0,,,,,,,,,,,,,,
2020-01-30 09:35:47.764000000,Add Order,1580394947764000000,A,2183876,S,1500.0,25.28,252800.0,XIU,1.0,,,,,,,,,,,,,,
2020-01-30 09:35:47.768000000,Add Order,1580394947768000000,A,2183893,S,7000.0,25.19,251900.0,XIU,1.0,,,,,,,,,,,,,,
2020-01-30 09:35:48.434000000,Add Order,1580394948434000000,A,2187331,B,700.0,25.16,251600.0,XIU,1.0,,,,,,,,,,,,,,
2020-01-30 09:35:48.452000000,Add Order,1580394948452000000,A,2187526,S,700.0,25.19,251900.0,XIU,1.0,,,,,,,,,,,,,,
2020-01-30 09:35:48.532000000,Add Order,1580394948532000000,A,2188513,B,1500.0,25.05,250500.0,XIU,1.0,,,,,,,,,,,,,,
2020-01-30 09:35:49.320000000,Add Order,1580394949320000000,A,2192937,S,1500.0,25.17,251700.0,XIU,1.0,,,,,,,,,,,,,,
2020-01-30 09:35:49.320000000,Add Order,1580394949320000000,A,2192938,B,700.0,25.16,251600.0,XIU,1.0,,,,,,,,,,,,,,
2020-01-30 09:35:49.321000000,Add Order,1580394949321000000,A,2192954,S,7000.0,25.18,251800.0,XIU,1.0,,,,,,,,,,,,,,
2020-01-30 09:35:49.502000000,Add Order,1580394949502000000,A,2194109,B,1500.0,25.16,251600.0,XIU,1.0,,,,,,,,,,,,,,
2020-01-30 09:35:49.693000000,Add Order,1580394949693000000,A,2195621,B,1500.0,25.16,251600.0,XIU,1.0,,,,,,,,,,,,,,
2020-01-30 09:35:49.802000000,Add Order,1580394949802000000,A,2196829,S,1500.0,25.17,251700.0,XIU,1.0,,,,,,,,,,,,,,
2020-01-30 09:35:50.329000000,Add Order,1580394950329000000,A,2199205,B,700.0,25.16,251600.0,XIU,1.0,,,,,,,,,,,,,,
2020-01-30 09:35:50.400000000,Add Order,1580394950400000000,A,2199924,B,700.0,25.16,251600.0,XIU,1.0,,,,,,,,,,,,,,
2020-01-30 09:35:50.424000000,Add Order,1580394950424000000,A,2200063,S,1500.0,25.17,251700.0,XIU,1.0,,,,,,,,,,,,,,
2020-01-30 09:35:51.172000000,Add Order,1580394951172000000,A,2204763,B,1500.0,25.16,251600.0,XIU,1.0,,,,,,,,,,,,,,
2020-01-30 09:35:51.652000000,Add Order,1580394951652000000,A,2207239,B,1500.0,25.16,251600.0,XIU,1.0,,,,,,,,,,,,,,
2020-01-30 09:35:52.675000000,Add Order,1580394952675000000,A,2213359,B,700.0,25.16,251600.0,XIU,1.0,,,,,,,,,,,,,,
2020-01-30 09:35:52.677000000,Add Order,1580394952677000000,A,2213416,S,1500.0,25.17,251700.0,XIU,1.0,,,,,,,,,,,,,,
2020-01-30 09:35:53.229000000,Add Order,1580394953229000000,A,2217510,B,1500.0,25.16,251600.0,XIU,1.0,,,,,,,,,,,,,,
2020-01-30 09:35:54.033000000,Add Order,1580394954033000000,A,2221890,S,1500.0,25.17,251700.0,XIU,1.0,,,,,,,,,,,,,,
2020-01-30 09:35:54.313000000,Add Order,1580394954313000000,A,2222855,S,1500.0,25.17,251700.0,XIU,1.0,,,,,,,,,,,,,,
2020-01-30 09:35:54.466000000,Add Order,1580394954466000000,A,2223475,B,1500.0,25.16,251600.0,XIU,1.0,,,,,,,,,,,,,,
2020-01-30 09:35:54.472000000,Add Order,1580394954472000000,A,2223516,S,1500.0,25.17,251700.0,XIU,1.0,,,,,,,,,,,,,,
2020-01-30 09:35:54.738000000,Add Order,1580394954738000000,A,2225115,S,1500.0,25.17,251700.0,XIU,1.0,,,,,,,,,,,,,,
2020-01-30 09:35:55.005000000,Add Order,1580394955005000000,A,2226652,S,1500.0,25.17,251700.0,XIU,1.0,,,,,,,,,,,,,,
2020-01-30 09:35:55.282000000,Add Order,1580394955282000000,A,2228373,B,1500.0,25.16,251600.0,XIU,1.0,,,,,,,,,,,,,,
2020-01-30 09:35:55.308000000,Add Order,1580394955308000000,A,2228659,B,1500.0,25.16,251600.0,XIU,1.0,,,,,,,,,,,,,,
2020-01-30 09:35:55.328000000,Add Order,1580394955328000000,A,2228728,B,1500.0,25.16,251600.0,XIU,1.0,,,,,,,,,,,,,,
2020-01-30 09:35:55.351000000,Add Order,1580394955351000000,A,2228808,B,1500.0,25.17,251700.0,XIU,1.0,,,,,,,,,,,,,,
2020-01-30 09:35:55.352000000,Add Order,1580394955352000000,A,2228824,B,1500.0,25.16,251600.0,XIU,1.0,,,,,,,,,,,,,,
2020-01-30 09:35:55.465000000,Add Order,1580394955465000000,A,2229254,B,1500.0,25.16,251600.0,XIU,1.0,,,,,,,,,,,,,,
2020-01-30 09:35:56.664000000,Add Order,1580394956664000000,A,2233679,B,1500.0,25.17,251700.0,XIU,1.0,,,,,,,,,,,,,,
2020-01-30 09:35:56.920000000,Add Order,1580394956920000000,A,2235501,B,700.0,25.16,251600.0,XIU,1.0,,,,,,,,,,,,,,
2020-01-30 09:35:56.923000000,Add Order,1580394956923000000,A,2235512,B,1500.0,25.17,251700.0,XIU,1.0,,,,,,,,,,,,,,
2020-01-30 09:35:57.045000000,Add Order,1580394957045000000,A,2235999,B,1500.0,25.17,251700.0,XIU,1.0,,,,,,,,,,,,,,
2020-01-30 09:35:57.255000000,Add Order,1580394957255000000,A,2237542,B,700.0,25.16,251600.0,XIU,1.0,,,,,,,,,,,,,,
2020-01-30 09:35:57.255000000,Add Order,1580394957255000000,A,2237544,B,1500.0,25.16,251600.0,XIU,1.0,,,,,,,,,,,,,,
2020-01-30 09:35:57.331000000,Add Order,1580394957331000000,A,2238291,B,1500.0,25.17,251700.0,XIU,1.0,,,,,,,,,,,,,,
2020-01-30 09:35:58.390000000,Add Order,1580394958390000000,A,2243191,S,1500.0,25.23,252300.0,XIU,1.0,,,,,,,,,,,,,,
2020-01-30 09:35:59.719000000,Add Order,1580394959719000000,A,2249260,S,1500.0,25.28,252800.0,XIU,1.0,,,,,,,,,,,,,,
2020-01-30 09:35:59.785000000,Add Order,1580394959785000000,A,2249780,S,1500.0,25.18,251800.0,XIU,1.0,,,,,,,,,,,,,,
2020-01-30 09:36:00.260000000,Add Order,1580394960260000000,A,2252630,B,700.0,25.16,251600.0,XIU,1.0,,,,,,,,,,,,,,
2020-01-30 09:36:00.262000000,Add Order,1580394960262000000,A,2252640,B,1500.0,25.17,251700.0,XIU,1.0,,,,,,,,,,,,,,
2020-01-30 09:36:00.288000000,Add Order,1580394960288000000,A,2252868,B,1500.0,25.17,251700.0,XIU,1.0,,,,,,,,,,,,,,
2020-01-30 09:36:00.409000000,Add Order,1580394960409000000,A,2253424,B,1500.0,25.17,251700.0,XIU,1.0,,,,,,,,,,,,,,
2020-01-30 09:36:00.710000000,Add Order,1580394960710000000,A,2254579,S,1500.0,25.18,251800.0,XIU,1.0,,,,,,,,,,,,,,
2020-01-30 09:36:00.753000000,Add Order,1580394960753000000,A,2254944,S,1500.0,25.18,251800.0,XIU,1.0,,,,,,,,,,,,,,
2020-01-30 09:36:00.753000000,Add Order,1580394960753000000,A,2254945,S,7000.0,25.18,251800.0,XIU,1.0,,,,,,,,,,,,,,
2020-01-30 09:36:00.759000000,Add Order,1580394960759000000,A,2255007,B,1500.0,25.17,251700.0,XIU,1.0,,,,,,,,,,,,,,
2020-01-30 09:36:00.760000000,Add Order,1580394960760000000,A,2255011,S,1500.0,25.18,251800.0,XIU,1.0,,,,,,,,,,,,,,
2020-01-30 09:36:00.899000000,Add Order,1580394960899000000,A,2255890,B,1500.0,25.17,251700.0,XIU,1.0,,,,,,,,,,,,,,
2020-01-30 09:36:00.902000000,Add Order,1580394960902000000,A,2255921,B,1500.0,25.17,251700.0,XIU,1.0,,,,,,,,,,,,,,
2020-01-30 09:36:01.042000000,Add Order,1580394961042000000,A,2257705,S,1500.0,25.18,251800.0,XIU,1.0,,,,,,,,,,,,,,
2020-01-30 09:36:01.255000000,Add Order,1580394961255000000,A,2259284,B,1500.0,25.17,251700.0,XIU,1.0,,,,,,,,,,,,,,
2020-01-30 09:36:01.256000000,Add Order,1580394961256000000,A,2259310,S,1500.0,25.18,251800.0,XIU,1.0,,,,,,,,,,,,,,
2020-01-30 09:36:02.030000000,Add Order,1580394962030000000,A,2264067,B,1500.0,25.17,251700.0,XIU,1.0,,,,,,,,,,,,,,
2020-01-30 09:36:02.053000000,Add Order,1580394962053000000,A,2264443,B,1500.0,25.17,251700.0,XIU,1.0,,,,,,,,,,,,,,
2020-01-30 09:36:02.057000000,Add Order,1580394962057000000,A,2264558,S,1500.0,25.18,251800.0,XIU,1.0,,,,,,,,,,,,,,
2020-01-30 09:36:03.191000000,Add Order,1580394963191000000,A,2271549,B,1500.0,25.17,251700.0,XIU,1.0,,,,,,,,,,,,,,
2020-01-30 09:36:03.615000000,Add Order,1580394963615000000,A,2274352,S,1500.0,25.28,252800.0,XIU,1.0,,,,,,,,,,,,,,
2020-01-30 09:36:03.627000000,Add Order,1580394963627000000,A,2275026,S,1500.0,25.18,251800.0,XIU,1.0,,,,,,,,,,,,,,
2020-01-30 09:36:03.631000000,Add Order,1580394963631000000,A,2275160,S,1500.0,25.18,251800.0,XIU,1.0,,,,,,,,,,,,,,
2020-01-30 09:36:04.266000000,Add Order,1580394964266000000,A,2280771,S,1500.0,25.18,251800.0,XIU,1.0,,,,,,,,,,,,,,
2020-01-30 09:36:05.093000000,Add Order,1580394965093000000,A,2285009,B,1500.0,25.06,250600.0,XIU,1.0,,,,,,,,,,,,,,
2020-01-30 09:36:05.821000000,Add Order,1580394965821000000,A,2288286,B,1500.0,25.17,251700.0,XIU,1.0,,,,,,,,,,,,,,
2020-01-30 09:36:06.359000000,Add Order,1580394966359000000,A,2291602,B,1500.0,25.18,251800.0,XIU,1.0,,,,,,,,,,,,,,
2020-01-30 09:36:06.359000000,Add Order,1580394966359000000,A,2291610,B,700.0,25.16,251600.0,XIU,1.0,,,,,,,,,,,,,,
2020-01-30 09:36:07.643000000,Add Order,1580394967643000000,A,2302921,S,700.0,25.2,252000.0,XIU,1.0,,,,,,,,,,,,,,
2020-01-30 09:36:07.708000000,Add Order,1580394967708000000,A,2303884,B,1500.0,25.18,251800.0,XIU,1.0,,,,,,,,,,,,,,
2020-01-30 09:36:07.735000000,Add Order,1580394967735000000,A,2304493,B,1500.0,25.18,251800.0,XIU,1.0,,,,,,,,,,,,,,
2020-01-30 09:36:07.738000000,Add Order,1580394967738000000,A,2304523,B,1500.0,25.18,251800.0,XIU,1.0,,,,,,,,,,,,,,
2020-01-30 09:36:07.925000000,Add Order,1580394967925000000,A,2306230,S,1500.0,25.24,252400.0,XIU,1.0,,,,,,,,,,,,,,
2020-01-30 09:36:08.124000000,Add Order,1580394968124000000,A,2307781,B,1500.0,25.18,251800.0,XIU,1.0,,,,,,,,,,,,,,
2020-01-30 09:36:08.224000000,Add Order,1580394968224000000,A,2308849,B,1500.0,25.18,251800.0,XIU,1.0,,,,,,,,,,,,,,
2020-01-30 09:36:08.228000000,Add Order,1580394968228000000,A,2308912,B,1500.0,25.18,251800.0,XIU,1.0,,,,,,,,,,,,,,
2020-01-30 09:36:08.368000000,Add Order,1580394968368000000,A,2309823,S,1500.0,25.19,251900.0,XIU,1.0,,,,,,,,,,,,,,
2020-01-30 09:36:08.542000000,Add Order,1580394968542000000,A,2310837,B,1500.0,25.18,251800.0,XIU,1.0,,,,,,,,,,,,,,
2020-01-30 09:36:09.537000000,Add Order,1580394969537000000,A,2318575,S,3500.0,25.18,251800.0,XIU,1.0,,,,,,,,,,,,,,
2020-01-30 09:36:09.537000000,Add Order,1580394969537000000,A,2318581,S,1500.0,25.19,251900.0,XIU,1.0,,,,,,,,,,,,,,
2020-01-30 09:36:09.537000000,Add Order,1580394969537000000,A,2318581,S,1500.0,25.18,251800.0,XIU,1.0,,,,,,,,,,,,,,
2020-01-30 09:36:09.539000000,Add Order,1580394969539000000,A,2318642,S,1500.0,25.18,251800.0,XIU,1.0,,,,,,,,,,,,,,
2020-01-30 09:36:09.541000000,Add Order,1580394969541000000,A,2318673,S,1500.0,25.19,251900.0,XIU,1.0,,,,,,,,,,,,,,
2020-01-30 09:36:09.542000000,Add Order,1580394969542000000,A,2318681,B,1500.0,25.17,251700.0,XIU,1.0,,,,,,,,,,,,,,
2020-01-30 09:36:09.543000000,Add Order,1580394969543000000,A,2318727,B,1500.0,25.17,251700.0,XIU,1.0,,,,,,,,,,,,,,
2020-01-30 09:36:10.125000000,Add Order,1580394970125000000,A,2322881,B,1500.0,25.17,251700.0,XIU,1.0,,,,,,,,,,,,,,
2020-01-30 09:36:10.212000000,Add Order,1580394970212000000,A,2323133,S,1500.0,25.18,251800.0,XIU,1.0,,,,,,,,,,,,,,
2020-01-30 09:36:10.212000000,Add Order,1580394970212000000,A,2323137,B,1500.0,25.17,251700.0,XIU,1.0,,,,,,,,,,,,,,
2020-01-30 09:36:10.269000000,Add Order,1580394970269000000,A,2323511,S,1500.0,25.18,251800.0,XIU,1.0,,,,,,,,,,,,,,
2020-01-30 09:36:10.416000000,Add Order,1580394970416000000,A,2324251,B,1500.0,25.17,251700.0,XIU,1.0,,,,,,,,,,,,,,
2020-01-30 09:36:10.418000000,Add Order,1580394970418000000,A,2324293,B,1500.0,25.17,251700.0,XIU,1.0,,,,,,,,,,,,,,
2020-01-30 09:36:10.477000000,Add Order,1580394970477000000,A,2324847,B,1500.0,25.17,251700.0,XIU,1.0,,,,,,,,,,,,,,
2020-01-30 09:36:10.727000000,Add Order,1580394970727000000,A,2326104,B,1500.0,25.17,251700.0,XIU,1.0,,,,,,,,,,,,,,
2020-01-30 09:36:10.733000000,Add Order,1580394970733000000,A,2326147,B,1500.0,25.17,251700.0,XIU,1.0,,,,,,,,,,,,,,
2020-01-30 09:36:10.736000000,Add Order,1580394970736000000,A,2326174,S,1500.0,25.18,251800.0,XIU,1.0,,,,,,,,,,,,,,
2020-01-30 09:36:11.224000000,Add Order,1580394971224000000,A,2329261,S,1500.0,25.18,251800.0,XIU,1.0,,,,,,,,,,,,,,
2020-01-30 09:36:11.814000000,Add Order,1580394971814000000,A,2333010,B,1500.0,25.17,251700.0,XIU,1.0,,,,,,,,,,,,,,
2020-01-30 09:36:12.647000000,Add Order,1580394972647000000,A,2337395,B,1500.0,25.17,251700.0,XIU,1.0,,,,,,,,,,,,,,
2020-01-30 09:36:12.931000000,Add Order,1580394972931000000,A,2339146,S,1500.0,25.18,251800.0,XIU,1.0,,,,,,,,,,,,,,
2020-01-30 09:36:13.448000000,Add Order,1580394973448000000,A,2342996,B,700.0,25.16,251600.0,XIU,1.0,,,,,,,,,,,,,,
2020-01-30 09:36:16.253000000,Add Order,1580394976253000000,A,2359704,S,1500.0,25.19,251900.0,XIU,1.0,,,,,,,,,,,,,,
2020-01-30 09:36:16.791000000,Add Order,1580394976791000000,A,2363388,B,1500.0,25.18,251800.0,XIU,1.0,,,,,,,,,,,,,,
2020-01-30 09:36:16.791000000,Add Order,1580394976791000000,A,2363389,B,700.0,25.16,251600.0,XIU,1.0,,,,,,,,,,,,,,
2020-01-30 09:36:18.794000000,Add Order,1580394978794000000,A,2374826,B,1500.0,25.06,250600.0,XIU,1.0,,,,,,,,,,,,,,
2020-01-30 09:36:18.876000000,Add Order,1580394978876000000,A,2375301,B,1500.0,25.17,251700.0,XIU,1.0,,,,,,,,,,,,,,
2020-01-30 09:36:19.111000000,Add Order,1580394979111000000,A,2376139,B,1500.0,25.17,251700.0,XIU,1.0,,,,,,,,,,,,,,
2020-01-30 09:36:19.965000000,Add Order,1580394979965000000,A,2381583,B,1500.0,25.17,251700.0,XIU,1.0,,,,,,,,,,,,,,
2020-01-30 09:36:20.128000000,Add Order,1580394980128000000,A,2382730,B,1500.0,25.17,251700.0,XIU,1.0,,,,,,,,,,,,,,
2020-01-30 09:36:20.146000000,Add Order,1580394980146000000,A,2382855,B,1500.0,25.17,251700.0,XIU,1.0,,,,,,,,,,,,,,
2020-01-30 09:36:20.153000000,Add Order,1580394980153000000,A,2382898,B,1500.0,25.17,251700.0,XIU,1.0,,,,,,,,,,,,,,
2020-01-30 09:36:20.299000000,Add Order,1580394980299000000,A,2383727,B,1500.0,25.17,251700.0,XIU,1.0,,,,,,,,,,,,,,
2020-01-30 09:36:20.639000000,Add Order,1580394980639000000,A,2386179,S,1500.0,25.19,251900.0,XIU,1.0,,,,,,,,,,,,,,
2020-01-30 09:36:20.649000000,Add Order,1580394980649000000,A,2386312,S,1500.0,25.19,251900.0,XIU,1.0,,,,,,,,,,,,,,
2020-01-30 09:36:20.650000000,Add Order,1580394980650000000,A,2386338,S,1500.0,25.18,251800.0,XIU,1.0,,,,,,,,,,,,,,
2020-01-30 09:36:20.664000000,Add Order,1580394980664000000,A,2386766,S,1500.0,25.18,251800.0,XIU,1.0,,,,,,,,,,,,,,
2020-01-30 09:36:20.992000000,Add Order,1580394980992000000,A,2389794,B,1500.0,25.17,251700.0,XIU,1.0,,,,,,,,,,,,,,
2020-01-30 09:36:21.086000000,Add Order,1580394981086000000,A,2390516,B,1500.0,25.17,251700.0,XIU,1.0,,,,,,,,,,,,,,
2020-01-30 09:36:21.087000000,Add Order,1580394981087000000,A,2390620,B,1500.0,25.17,251700.0,XIU,1.0,,,,,,,,,,,,,,
2020-01-30 09:36:21.088000000,Add Order,1580394981088000000,A,2390664,B,700.0,25.16,251600.0,XIU,1.0,,,,,,,,,,,,,,
2020-01-30 09:36:21.098000000,Add Order,1580394981098000000,A,2390908,B,1500.0,25.17,251700.0,XIU,1.0,,,,,,,,,,,,,,
2020-01-30 09:36:21.187000000,Add Order,1580394981187000000,A,2391623,S,1500.0,25.28,252800.0,XIU,1.0,,,,,,,,,,,,,,
2020-01-30 09:36:23.081000000,Add Order,1580394983081000000,A,2403174,B,1500.0,25.18,251800.0,XIU,1.0,,,,,,,,,,,,,,
2020-01-30 09:36:23.096000000,Add Order,1580394983096000000,A,2403878,S,1500.0,25.19,251900.0,XIU,1.0,,,,,,,,,,,,,,
2020-01-30 09:36:23.108000000,Add Order,1580394983108000000,A,2404197,S,1500.0,25.19,251900.0,XIU,1.0,,,,,,,,,,,,,,
2020-01-30 09:36:23.125000000,Add Order,1580394983125000000,A,2404494,B,1500.0,25.18,251800.0,XIU,1.0,,,,,,,,,,,,,,
2020-01-30 09:36:23.132000000,Add Order,1580394983132000000,A,2404672,B,1500.0,25.17,251700.0,XIU,1.0,,,,,,,,,,,,,,
2020-01-30 09:36:23.139000000,Add Order,1580394983139000000,A,2404787,S,1500.0,25.19,251900.0,XIU,1.0,,,,,,,,,,,,,,
2020-01-30 09:36:23.140000000,Add Order,1580394983140000000,A,2404796,B,1500.0,25.18,251800.0,XIU,1.0,,,,,,,,,,,,,,
2020-01-30 09:36:23.189000000,Add Order,1580394983189000000,A,2405408,S,1500.0,25.19,251900.0,XIU,1.0,,,,,,,,,,,,,,
2020-01-30 09:36:23.397000000,Add Order,1580394983397000000,A,2406760,S,1500.0,25.19,251900.0,XIU,1.0,,,,,,,,,,,,,,
2020-01-30 09:36:23.644000000,Add Order,1580394983644000000,A,2408193,S,1500.0,25.19,251900.0,XIU,1.0,,,,,,,,,,,,,,
2020-01-30 09:36:23.665000000,Add Order,1580394983665000000,A,2408267,B,1500.0,25.18,251800.0,XIU,1.0,,,,,,,,,,,,,,
2020-01-30 09:36:23.674000000,Add Order,1580394983674000000,A,2408375,S,1500.0,25.19,251900.0,XIU,1.0,,,,,,,,,,,,,,
2020-01-30 09:36:23.713000000,Add Order,1580394983713000000,A,2408539,S,1500.0,25.19,251900.0,XIU,1.0,,,,,,,,,,,,,,
2020-01-30 09:36:23.763000000,Add Order,1580394983763000000,A,2408805,B,1500.0,25.18,251800.0,XIU,1.0,,,,,,,,,,,,,,
2020-01-30 09:36:23.802000000,Add Order,1580394983802000000,A,2409411,S,1500.0,25.19,251900.0,XIU,1.0,,,,,,,,,,,,,,
2020-01-30 09:36:23.815000000,Add Order,1580394983815000000,A,2409576,B,1500.0,25.18,251800.0,XIU,1.0,,,,,,,,,,,,,,
2020-01-30 09:36:23.833000000,Add Order,1580394983833000000,A,2409805,S,1500.0,25.19,251900.0,XIU,1.0,,,,,,,,,,,,,,
2020-01-30 09:36:24.046000000,Add Order,1580394984046000000,A,2411133,B,1500.0,25.18,251800.0,XIU,1.0,,,,,,,,,,,,,,
2020-01-30 09:36:24.095000000,Add Order,1580394984095000000,A,2411411,B,1500.0,25.18,251800.0,XIU,1.0,,,,,,,,,,,,,,
2020-01-30 09:36:24.097000000,Add Order,1580394984097000000,A,2411503,S,1500.0,25.19,251900.0,XIU,1.0,,,,,,,,,,,,,,
2020-01-30 09:36:24.808000000,Add Order,1580394984808000000,A,2416832,S,1500.0,25.29,252900.0,XIU,1.0,,,,,,,,,,,,,,
2020-01-30 09:36:24.818000000,Add Order,1580394984818000000,A,2417106,B,1500.0,25.18,251800.0,XIU,1.0,,,,,,,,,,,,,,
2020-01-30 09:36:24.820000000,Add Order,1580394984820000000,A,2417144,B,1500.0,25.18,251800.0,XIU,1.0,,,,,,,,,,,,,,
2020-01-30 09:36:24.827000000,Add Order,1580394984827000000,A,2417189,B,1500.0,25.18,251800.0,XIU,1.0,,,,,,,,,,,,,,
2020-01-30 09:36:24.836000000,Add Order,1580394984836000000,A,2417289,B,1500.0,25.07,250700.0,XIU,1.0,,,,,,,,,,,,,,
2020-01-30 09:36:24.989000000,Add Order,1580394984989000000,A,2418088,B,1500.0,25.18,251800.0,XIU,1.0,,,,,,,,,,,,,,
2020-01-30 09:36:25.249000000,Add Order,1580394985249000000,A,2420089,B,1500.0,25.18,251800.0,XIU,1.0,,,,,,,,,,,,,,
2020-01-30 09:36:25.266000000,Add Order,1580394985266000000,A,2420605,S,1500.0,25.19,251900.0,XIU,1.0,,,,,,,,,,,,,,
2020-01-30 09:36:25.268000000,Add Order,1580394985268000000,A,2420651,B,1500.0,25.18,251800.0,XIU,1.0,,,,,,,,,,,,,,
2020-01-30 09:36:25.341000000,Add Order,1580394985341000000,A,2421528,S,1500.0,25.19,251900.0,XIU,1.0,,,,,,,,,,,,,,
2020-01-30 09:36:25.392000000,Add Order,1580394985392000000,A,2422119,B,1500.0,25.18,251800.0,XIU,1.0,,,,,,,,,,,,,,
2020-01-30 09:36:25.396000000,Add Order,1580394985396000000,A,2422259,S,1500.0,25.19,251900.0,XIU,1.0,,,,,,,,,,,,,,
2020-01-30 09:36:25.683000000,Add Order,1580394985683000000,A,2424658,B,1500.0,25.18,251800.0,XIU,1.0,,,,,,,,,,,,,,
2020-01-30 09:36:25.793000000,Add Order,1580394985793000000,A,2425896,S,1500.0,25.29,252900.0,XIU,1.0,,,,,,,,,,,,,,
2020-01-30 09:36:25.846000000,Add Order,1580394985846000000,A,2426181,S,1500.0,25.19,251900.0,XIU,1.0,,,,,,,,,,,,,,
2020-01-30 09:36:26.023000000,Add Order,1580394986023000000,A,2426953,S,1500.0,25.19,251900.0,XIU,1.0,,,,,,,,,,,,,,
2020-01-30 09:36:26.387000000,Add Order,1580394986387000000,A,2428511,B,1500.0,25.18,251800.0,XIU,1.0,,,,,,,,,,,,,,
2020-01-30 09:36:28.000000000,Add Order,1580394988000000000,A,2435841,B,1500.0,25.18,251800.0,XIU,1.0,,,,,,,,,,,,,,
2020-01-30 09:36:28.001000000,Add Order,1580394988001000000,A,2435880,S,1500.0,25.19,251900.0,XIU,1.0,,,,,,,,,,,,,,
2020-01-30 09:36:28.002000000,Add Order,1580394988002000000,A,2436009,S,1500.0,25.19,251900.0,XIU,1.0,,,,,,,,,,,,,,
2020-01-30 09:36:28.007000000,Add Order,1580394988007000000,A,2436261,B,1500.0,25.18,251800.0,XIU,1.0,,,,,,,,,,,,,,
2020-01-30 09:36:29.403000000,Add Order,1580394989403000000,A,2444947,B,1500.0,25.18,251800.0,XIU,1.0,,,,,,,,,,,,,,
2020-01-30 09:36:29.989000000,Add Order,1580394989989000000,A,2448951,S,1500.0,25.19,251900.0,XIU,1.0,,,,,,,,,,,,,,
2020-01-30 09:36:31.165000000,Add Order,1580394991165000000,A,2458470,S,7000.0,25.19,251900.0,XIU,1.0,,,,,,,,,,,,,,
2020-01-30 09:36:31.258000000,Add Order,1580394991258000000,A,2459167,B,1500.0,25.17,251700.0,XIU,1.0,,,,,,,,,,,,,,
2020-01-30 09:36:31.677000000,Add Order,1580394991677000000,A,2463615,B,1500.0,25.18,251800.0,XIU,1.0,,,,,,,,,,,,,,
2020-01-30 09:36:31.698000000,Add Order,1580394991698000000,A,2464050,B,1500.0,25.18,251800.0,XIU,1.0,,,,,,,,,,,,,,
2020-01-30 09:36:31.708000000,Add Order,1580394991708000000,A,2464168,S,1500.0,25.19,251900.0,XIU,1.0,,,,,,,,,,,,,,
2020-01-30 09:36:31.771000000,Add Order,1580394991771000000,A,2464902,B,1500.0,25.18,251800.0,XIU,1.0,,,,,,,,,,,,,,
2020-01-30 09:36:39.201000000,Add Order,1580394999201000000,A,2500468,S,1500.0,25.18,251800.0,XIU,1.0,,,,,,,,,,,,,,
2020-01-30 09:36:39.202000000,Add Order,1580394999202000000,A,2500476,S,1500.0,25.18,251800.0,XIU,1.0,,,,,,,,,,,,,,
2020-01-30 09:36:39.204000000,Add Order,1580394999204000000,A,2500514,S,1500.0,25.18,251800.0,XIU,1.0,,,,,,,,,,,,,,
2020-01-30 09:36:40.229000000,Add Order,1580395000229000000,A,2506336,S,1500.0,25.18,251800.0,XIU,1.0,,,,,,,,,,,,,,
2020-01-30 09:36:40.558000000,Order Execution,1580395000558000000,E,2500468,,,,,,1.0,1500.0,3021658.0,2510044.0,,80.0,,,,,,,,,
2020-01-30 09:36:40.558000000,Add Order,1580395000558000000,A,2510045,B,1500.0,25.17,251700.0,XIU,1.0,,,,,,,,,,,,,,
2020-01-30 09:36:40.562000000,Add Order,1580395000562000000,A,2510153,S,1500.0,25.18,251800.0,XIU,1.0,,,,,,,,,,,,,,
2020-01-30 09:36:40.671000000,Add Order,1580395000671000000,A,2510800,S,1500.0,25.18,251800.0,XIU,1.0,,,,,,,,,,,,,,
2020-01-30 09:36:40.690000000,Add Order,1580395000690000000,A,2511097,B,1500.0,25.17,251700.0,XIU,1.0,,,,,,,,,,,,,,
2020-01-30 09:36:40.693000000,Add Order,1580395000693000000,A,2511242,S,1500.0,25.18,251800.0,XIU,1.0,,,,,,,,,,,,,,
2020-01-30 09:36:40.697000000,Add Order,1580395000697000000,A,2511426,S,7000.0,25.18,251800.0,XIU,1.0,,,,,,,,,,,,,,
2020-01-30 09:36:40.697000000,Add Order,1580395000697000000,A,2511430,S,1500.0,25.18,251800.0,XIU,1.0,,,,,,,,,,,,,,
2020-01-30 09:36:40.734000000,Add Order,1580395000734000000,A,2511899,B,1500.0,25.17,251700.0,XIU,1.0,,,,,,,,,,,,,,
2020-01-30 09:36:40.736000000,Add Order,1580395000736000000,A,2511917,B,1500.0,25.17,251700.0,XIU,1.0,,,,,,,,,,,,,,
2020-01-30 09:36:40.892000000,Add Order,1580395000892000000,A,2513005,S,7000.0,25.18,251800.0,XIU,1.0,,,,,,,,,,,,,,
2020-01-30 09:36:40.892000000,Add Order,1580395000892000000,A,2513009,S,1500.0,25.18,251800.0,XIU,1.0,,,,,,,,,,,,,,
2020-01-30 09:36:40.932000000,Add Order,1580395000932000000,A,2513447,S,1500.0,25.18,251800.0,XIU,1.0,,,,,,,,,,,,,,
2020-01-30 09:36:40.941000000,Add Order,1580395000941000000,A,2513560,B,1500.0,25.17,251700.0,XIU,1.0,,,,,,,,,,,,,,
2020-01-30 09:36:40.943000000,Add Order,1580395000943000000,A,2513585,B,1500.0,25.17,251700.0,XIU,1.0,,,,,,,,,,,,,,
2020-01-30 09:36:41.116000000,Add Order,1580395001116000000,A,2514441,S,7000.0,25.18,251800.0,XIU,1.0,,,,,,,,,,,,,,
2020-01-30 09:36:41.116000000,Add Order,1580395001116000000,A,2514442,S,1500.0,25.18,251800.0,XIU,1.0,,,,,,,,,,,,,,
2020-01-30 09:36:41.132000000,Add Order,1580395001132000000,A,2514525,B,1500.0,25.17,251700.0,XIU,1.0,,,,,,,,,,,,,,
2020-01-30 09:36:41.238000000,Add Order,1580395001238000000,A,2514938,B,1500.0,25.17,251700.0,XIU,1.0,,,,,,,,,,,,,,
2020-01-30 09:36:41.499000000,Add Order,1580395001499000000,A,2515885,B,1500.0,25.17,251700.0,XIU,1.0,,,,,,,,,,,,,,
2020-01-30 09:36:41.503000000,Add Order,1580395001503000000,A,2515903,B,1500.0,25.17,251700.0,XIU,1.0,,,,,,,,,,,,,,
2020-01-30 09:36:41.538000000,Add Order,1580395001538000000,A,2516156,B,1500.0,25.17,251700.0,XIU,1.0,,,,,,,,,,,,,,
2020-01-30 09:36:43.146000000,Add Order,1580395003146000000,A,2526156,S,7000.0,25.18,251800.0,XIU,1.0,,,,,,,,,,,,,,
2020-01-30 09:36:43.146000000,Add Order,1580395003146000000,A,2526157,S,1500.0,25.18,251800.0,XIU,1.0,,,,,,,,,,,,,,
2020-01-30 09:36:43.584000000,Add Order,1580395003584000000,A,2529023,B,1500.0,25.06,250600.0,XIU,1.0,,,,,,,,,,,,,,
2020-01-30 09:36:43.618000000,Add Order,1580395003618000000,A,2529464,S,7000.0,25.18,251800.0,XIU,1.0,,,,,,,,,,,,,,
2020-01-30 09:36:43.725000000,Add Order,1580395003725000000,A,2530330,B,1500.0,25.17,251700.0,XIU,1.0,,,,,,,,,,,,,,
2020-01-30 09:36:44.194000000,Add Order,1580395004194000000,A,2532115,B,1500.0,25.17,251700.0,XIU,1.0,,,,,,,,,,,,,,
2020-01-30 09:36:44.196000000,Add Order,1580395004196000000,A,2532127,B,1500.0,25.17,251700.0,XIU,1.0,,,,,,,,,,,,,,
2020-01-30 09:36:45.047000000,Add Order,1580395005047000000,A,2536744,B,1500.0,25.17,251700.0,XIU,1.0,,,,,,,,,,,,,,
2020-01-30 09:36:45.049000000,Add Order,1580395005049000000,A,2536804,B,1500.0,25.17,251700.0,XIU,1.0,,,,,,,,,,,,,,
2020-01-30 09:36:45.147000000,Add Order,1580395005147000000,A,2537604,B,1500.0,25.17,251700.0,XIU,1.0,,,,,,,,,,,,,,
2020-01-30 09:36:45.273000000,Add Order,1580395005273000000,A,2538651,B,1500.0,25.11,251100.0,XIU,1.0,,,,,,,,,,,,,,
2020-01-30 09:36:45.641000000,Add Order,1580395005641000000,A,2541203,B,700.0,25.16,251600.0,XIU,1.0,,,,,,,,,,,,,,
2020-01-30 09:36:46.137000000,Add Order,1580395006137000000,A,2543767,B,1500.0,25.17,251700.0,XIU,1.0,,,,,,,,,,,,,,
2020-01-30 09:36:46.171000000,Add Order,1580395006171000000,A,2544057,B,1500.0,25.17,251700.0,XIU,1.0,,,,,,,,,,,,,,
2020-01-30 09:36:46.987000000,Add Order,1580395006987000000,A,2548311,B,1500.0,25.17,251700.0,XIU,1.0,,,,,,,,,,,,,,
2020-01-30 09:36:47.358000000,Add Order,1580395007358000000,A,2549890,B,1500.0,25.17,251700.0,XIU,1.0,,,,,,,,,,,,,,
2020-01-30 09:36:47.409000000,Add Order,1580395007409000000,A,2550327,B,1500.0,25.17,251700.0,XIU,1.0,,,,,,,,,,,,,,
2020-01-30 09:36:47.635000000,Add Order,1580395007635000000,A,2552005,B,1500.0,25.17,251700.0,XIU,1.0,,,,,,,,,,,,,,
2020-01-30 09:36:48.453000000,Add Order,1580395008453000000,A,2555970,B,1500.0,25.17,251700.0,XIU,1.0,,,,,,,,,,,,,,
2020-01-30 09:36:48.453000000,Add Order,1580395008453000000,A,2555986,S,7000.0,25.18,251800.0,XIU,1.0,,,,,,,,,,,,,,
2020-01-30 09:36:48.799000000,Add Order,1580395008799000000,A,2557707,B,1500.0,25.17,251700.0,XIU,1.0,,,,,,,,,,,,,,
2020-01-30 09:36:48.801000000,Add Order,1580395008801000000,A,2557730,B,1500.0,25.17,251700.0,XIU,1.0,,,,,,,,,,,,,,
2020-01-30 09:36:49.997000000,Add Order,1580395009997000000,A,2564477,B,1500.0,25.17,251700.0,XIU,1.0,,,,,,,,,,,,,,
2020-01-30 09:36:50.462000000,Add Order,1580395010462000000,A,2567064,B,1500.0,25.17,251700.0,XIU,1.0,,,,,,,,,,,,,,
2020-01-30 09:36:51.189000000,Add Order,1580395011189000000,A,2570735,S,1500.0,25.28,252800.0,XIU,1.0,,,,,,,,,,,,,,
2020-01-30 09:36:51.599000000,Add Order,1580395011599000000,A,2574242,B,1500.0,25.18,251800.0,XIU,1.0,,,,,,,,,,,,,,
2020-01-30 09:36:51.604000000,Add Order,1580395011604000000,A,2574401,B,700.0,25.16,251600.0,XIU,1.0,,,,,,,,,,,,,,
2020-01-30 09:36:51.609000000,Order Execution,1580395011609000000,E,2574242,,,,,,1.0,1500.0,3022189.0,2574483.0,,79.0,,,,,,,,,
2020-01-30 09:36:51.620000000,Add Order,1580395011620000000,A,2574664,B,700.0,25.16,251600.0,XIU,1.0,,,,,,,,,,,,,,
2020-01-30 09:36:51.661000000,Add Order,1580395011661000000,A,2575177,B,700.0,25.16,251600.0,XIU,1.0,,,,,,,,,,,,,,
2020-01-30 09:36:51.679000000,Add Order,1580395011679000000,A,2575343,S,1500.0,25.19,251900.0,XIU,1.0,,,,,,,,,,,,,,
2020-01-30 09:36:51.785000000,Add Order,1580395011785000000,A,2576759,B,1500.0,25.18,251800.0,XIU,1.0,,,,,,,,,,,,,,
2020-01-30 09:36:51.785000000,Add Order,1580395011785000000,A,2576760,B,700.0,25.16,251600.0,XIU,1.0,,,,,,,,,,,,,,
2020-01-30 09:36:51.946000000,Add Order,1580395011946000000,A,2577505,B,1500.0,25.06,250600.0,XIU,1.0,,,,,,,,,,,,,,
2020-01-30 09:36:52.226000000,Add Order,1580395012226000000,A,2579207,S,1500.0,25.19,251900.0,XIU,1.0,,,,,,,,,,,,,,
2020-01-30 09:36:54.858000000,Add Order,1580395014858000000,A,2594665,B,1500.0,25.17,251700.0,XIU,1.0,,,,,,,,,,,,,,
2020-01-30 09:36:54.858000000,Add Order,1580395014858000000,A,2594668,S,1500.0,25.19,251900.0,XIU,1.0,,,,,,,,,,,,,,
2020-01-30 09:36:54.866000000,Add Order,1580395014866000000,A,2594783,S,1500.0,25.18,251800.0,XIU,1.0,,,,,,,,,,,,,,
2020-01-30 09:36:55.786000000,Add Order,1580395015786000000,A,2600452,B,700.0,25.16,251600.0,XIU,1.0,,,,,,,,,,,,,,
2020-01-30 09:36:55.787000000,Add Order,1580395015787000000,A,2600468,B,1500.0,25.17,251700.0,XIU,1.0,,,,,,,,,,,,,,
2020-01-30 09:36:58.568000000,Add Order,1580395018568000000,A,2619635,S,1500.0,25.19,251900.0,XIU,1.0,,,,,,,,,,,,,,
2020-01-30 09:37:00.463000000,Add Order,1580395020463000000,A,2633019,B,1500.0,25.18,251800.0,XIU,1.0,,,,,,,,,,,,,,
2020-01-30 09:37:00.465000000,Add Order,1580395020465000000,A,2633131,B,1500.0,25.18,251800.0,XIU,1.0,,,,,,,,,,,,,,
2020-01-30 09:37:00.481000000,Add Order,1580395020481000000,A,2633341,B,1500.0,25.18,251800.0,XIU,1.0,,,,,,,,,,,,,,
2020-01-30 09:37:00.482000000,Add Order,1580395020482000000,A,2633364,S,7000.0,25.2,252000.0,XIU,1.0,,,,,,,,,,,,,,
2020-01-30 09:37:00.483000000,Add Order,1580395020483000000,A,2633396,S,1500.0,25.19,251900.0,XIU,1.0,,,,,,,,,,,,,,
2020-01-30 09:37:00.645000000,Add Order,1580395020645000000,A,2634872,S,7000.0,25.19,251900.0,XIU,1.0,,,,,,,,,,,,,,
2020-01-30 09:37:00.646000000,Add Order,1580395020646000000,A,2634873,S,1500.0,25.19,251900.0,XIU,1.0,,,,,,,,,,,,,,
2020-01-30 09:37:00.885000000,Add Order,1580395020885000000,A,2636959,S,1500.0,25.19,251900.0,XIU,1.0,,,,,,,,,,,,,,
2020-01-30 09:37:00.919000000,Add Order,1580395020919000000,A,2637384,B,1500.0,25.18,251800.0,XIU,1.0,,,,,,,,,,,,,,
2020-01-30 09:37:01.039000000,Add Order,1580395021039000000,A,2638935,S,1500.0,25.19,251900.0,XIU,1.0,,,,,,,,,,,,,,
2020-01-30 09:37:02.421000000,Add Order,1580395022421000000,A,2650654,B,1500.0,25.17,251700.0,XIU,1.0,,,,,,,,,,,,,,
2020-01-30 09:37:02.449000000,Add Order,1580395022449000000,A,2650891,B,1500.0,25.17,251700.0,XIU,1.0,,,,,,,,,,,,,,
2020-01-30 09:37:02.687000000,Add Order,1580395022687000000,A,2652715,S,1500.0,25.19,251900.0,XIU,1.0,,,,,,,,,,,,,,
2020-01-30 09:37:02.804000000,Add Order,1580395022804000000,A,2653599,S,1500.0,25.18,251800.0,XIU,1.0,,,,,,,,,,,,,,
2020-01-30 09:37:02.929000000,Add Order,1580395022929000000,A,2654439,B,1500.0,25.17,251700.0,XIU,1.0,,,,,,,,,,,,,,
2020-01-30 09:37:02.969000000,Add Order,1580395022969000000,A,2654850,B,1500.0,25.17,251700.0,XIU,1.0,,,,,,,,,,,,,,
2020-01-30 09:37:03.086000000,Add Order,1580395023086000000,A,2655564,B,1500.0,25.17,251700.0,XIU,1.0,,,,,,,,,,,,,,
2020-01-30 09:37:03.088000000,Add Order,1580395023088000000,A,2655600,B,1500.0,25.17,251700.0,XIU,1.0,,,,,,,,,,,,,,
2020-01-30 09:37:03.094000000,Add Order,1580395023094000000,A,2655664,B,1500.0,25.17,251700.0,XIU,1.0,,,,,,,,,,,,,,
2020-01-30 09:37:03.103000000,Add Order,1580395023103000000,A,2655729,B,1500.0,25.17,251700.0,XIU,1.0,,,,,,,,,,,,,,
2020-01-30 09:37:03.110000000,Add Order,1580395023110000000,A,2655775,B,1500.0,25.17,251700.0,XIU,1.0,,,,,,,,,,,,,,
2020-01-30 09:37:03.119000000,Add Order,1580395023119000000,A,2655865,B,1500.0,25.17,251700.0,XIU,1.0,,,,,,,,,,,,,,
2020-01-30 09:37:03.135000000,Add Order,1580395023135000000,A,2655929,B,1500.0,25.17,251700.0,XIU,1.0,,,,,,,,,,,,,,
2020-01-30 09:37:03.135000000,Add Order,1580395023135000000,A,2655935,B,1500.0,25.17,251700.0,XIU,1.0,,,,,,,,,,,,,,
2020-01-30 09:37:03.235000000,Add Order,1580395023235000000,A,2656557,S,1500.0,25.18,251800.0,XIU,1.0,,,,,,,,,,,,,,
2020-01-30 09:37:03.594000000,Add Order,1580395023594000000,A,2660421,S,1500.0,25.28,252800.0,XIU,1.0,,,,,,,,,,,,,,
2020-01-30 09:37:05.213000000,Add Order,1580395025213000000,A,2669478,S,1500.0,25.18,251800.0,XIU,1.0,,,,,,,,,,,,,,
2020-01-30 09:37:05.213000000,Add Order,1580395025213000000,A,2669481,S,1500.0,25.18,251800.0,XIU,1.0,,,,,,,,,,,,,,
2020-01-30 09:37:05.601000000,Add Order,1580395025601000000,A,2672001,S,1500.0,25.18,251800.0,XIU,1.0,,,,,,,,,,,,,,
2020-01-30 09:37:05.604000000,Add Order,1580395025604000000,A,2672074,S,7000.0,25.18,251800.0,XIU,1.0,,,,,,,,,,,,,,
2020-01-30 09:37:05.604000000,Add Order,1580395025604000000,A,2672077,S,1500.0,25.18,251800.0,XIU,1.0,,,,,,,,,,,,,,
2020-01-30 09:37:05.693000000,Add Order,1580395025693000000,A,2672754,S,1500.0,25.18,251800.0,XIU,1.0,,,,,,,,,,,,,,
2020-01-30 09:37:05.791000000,Add Order,1580395025791000000,A,2673493,S,1500.0,25.18,251800.0,XIU,1.0,,,,,,,,,,,,,,
2020-01-30 09:37:06.474000000,Add Order,1580395026474000000,A,2678561,B,1500.0,25.06,250600.0,XIU,1.0,,,,,,,,,,,,,,
2020-01-30 09:37:06.552000000,Add Order,1580395026552000000,A,2679219,S,1500.0,25.18,251800.0,XIU,1.0,,,,,,,,,,,,,,
2020-01-30 09:37:06.630000000,Add Order,1580395026630000000,A,2679747,B,1500.0,25.17,251700.0,XIU,1.0,,,,,,,,,,,,,,
2020-01-30 09:37:06.652000000,Add Order,1580395026652000000,A,2679898,B,1500.0,25.17,251700.0,XIU,1.0,,,,,,,,,,,,,,
2020-01-30 09:37:06.688000000,Add Order,1580395026688000000,A,2680062,B,1500.0,25.17,251700.0,XIU,1.0,,,,,,,,,,,,,,
2020-01-30 09:37:06.717000000,Add Order,1580395026717000000,A,2680171,S,1500.0,25.18,251800.0,XIU,1.0,,,,,,,,,,,,,,
2020-01-30 09:37:07.146000000,Add Order,1580395027146000000,A,2682019,B,1500.0,25.17,251700.0,XIU,1.0,,,,,,,,,,,,,,
2020-01-30 09:37:07.292000000,Add Order,1580395027292000000,A,2682329,B,1500.0,25.17,251700.0,XIU,1.0,,,,,,,,,,,,,,
2020-01-30 09:37:07.387000000,Add Order,1580395027387000000,A,2683013,B,1500.0,25.06,250600.0,XIU,1.0,,,,,,,,,,,,,,
2020-01-30 09:37:07.688000000,Add Order,1580395027688000000,A,2684646,S,1500.0,25.18,251800.0,XIU,1.0,,,,,,,,,,,,,,
2020-01-30 09:37:07.718000000,Add Order,1580395027718000000,A,2684893,B,1500.0,25.17,251700.0,XIU,1.0,,,,,,,,,,,,,,
2020-01-30 09:37:07.961000000,Add Order,1580395027961000000,A,2685514,B,1500.0,25.17,251700.0,XIU,1.0,,,,,,,,,,,,,,
2020-01-30 09:37:08.205000000,Add Order,1580395028205000000,A,2686452,B,1500.0,25.17,251700.0,XIU,1.0,,,,,,,,,,,,,,
2020-01-30 09:37:08.553000000,Add Order,1580395028553000000,A,2687529,B,1500.0,25.17,251700.0,XIU,1.0,,,,,,,,,,,,,,
2020-01-30 09:37:08.669000000,Add Order,1580395028669000000,A,2688418,B,1500.0,25.17,251700.0,XIU,1.0,,,,,,,,,,,,,,
2020-01-30 09:37:08.789000000,Add Order,1580395028789000000,A,2689512,S,7000.0,25.18,251800.0,XIU,1.0,,,,,,,,,,,,,,
2020-01-30 09:37:08.789000000,Add Order,1580395028789000000,A,2689515,S,1500.0,25.18,251800.0,XIU,1.0,,,,,,,,,,,,,,
2020-01-30 09:37:08.821000000,Add Order,1580395028821000000,A,2689812,B,1500.0,25.17,251700.0,XIU,1.0,,,,,,,,,,,,,,
2020-01-30 09:37:08.985000000,Add Order,1580395028985000000,A,2690470,B,1500.0,25.17,251700.0,XIU,1.0,,,,,,,,,,,,,,
2020-01-30 09:37:09.118000000,Add Order,1580395029118000000,A,2692408,S,1500.0,25.28,252800.0,XIU,1.0,,,,,,,,,,,,,,
2020-01-30 09:37:09.568000000,Add Order,1580395029568000000,A,2694604,B,1500.0,25.17,251700.0,XIU,1.0,,,,,,,,,,,,,,
2020-01-30 09:37:09.757000000,Add Order,1580395029757000000,A,2695356,B,1500.0,25.17,251700.0,XIU,1.0,,,,,,,,,,,,,,
2020-01-30 09:37:10.012000000,Add Order,1580395030012000000,A,2696293,B,1500.0,25.17,251700.0,XIU,1.0,,,,,,,,,,,,,,
2020-01-30 09:37:10.041000000,Add Order,1580395030041000000,A,2696504,B,1500.0,25.17,251700.0,XIU,1.0,,,,,,,,,,,,,,
2020-01-30 09:37:10.224000000,Add Order,1580395030224000000,A,2698109,B,1500.0,25.06,250600.0,XIU,1.0,,,,,,,,,,,,,,
2020-01-30 09:37:10.239000000,Add Order,1580395030239000000,A,2698384,S,7000.0,25.18,251800.0,XIU,1.0,,,,,,,,,,,,,,
2020-01-30 09:37:10.239000000,Add Order,1580395030239000000,A,2698385,S,1500.0,25.18,251800.0,XIU,1.0,,,,,,,,,,,,,,
2020-01-30 09:37:10.351000000,Add Order,1580395030351000000,A,2699382,S,1500.0,25.18,251800.0,XIU,1.0,,,,,,,,,,,,,,
2020-01-30 09:37:10.368000000,Add Order,1580395030368000000,A,2699631,S,1500.0,25.18,251800.0,XIU,1.0,,,,,,,,,,,,,,
2020-01-30 09:37:10.379000000,Add Order,1580395030379000000,A,2699882,S,1500.0,25.18,251800.0,XIU,1.0,,,,,,,,,,,,,,
2020-01-30 09:37:10.412000000,Add Order,1580395030412000000,A,2700089,B,1500.0,25.17,251700.0,XIU,1.0,,,,,,,,,,,,,,
2020-01-30 09:37:10.412000000,Add Order,1580395030412000000,A,2700138,S,1500.0,25.18,251800.0,XIU,1.0,,,,,,,,,,,,,,
2020-01-30 09:37:10.414000000,Add Order,1580395030414000000,A,2700241,S,1500.0,25.18,251800.0,XIU,1.0,,,,,,,,,,,,,,
2020-01-30 09:37:11.516000000,Add Order,1580395031516000000,A,2706851,B,700.0,25.16,251600.0,XIU,1.0,,,,,,,,,,,,,,
2020-01-30 09:37:11.517000000,Add Order,1580395031517000000,A,2706870,B,1500.0,25.17,251700.0,XIU,1.0,,,,,,,,,,,,,,
2020-01-30 09:37:11.619000000,Add Order,1580395031619000000,A,2707600,S,1500.0,25.18,251800.0,XIU,1.0,,,,,,,,,,,,,,
2020-01-30 09:37:11.625000000,Add Order,1580395031625000000,A,2707651,S,1500.0,25.18,251800.0,XIU,1.0,,,,,,,,,,,,,,
2020-01-30 09:37:12.339000000,Add Order,1580395032339000000,A,2710645,S,1500.0,25.18,251800.0,XIU,1.0,,,,,,,,,,,,,,
2020-01-30 09:37:12.351000000,Add Order,1580395032351000000,A,2710728,S,1500.0,25.18,251800.0,XIU,1.0,,,,,,,,,,,,,,
2020-01-30 09:37:12.377000000,Add Order,1580395032377000000,A,2710937,B,1500.0,25.17,251700.0,XIU,1.0,,,,,,,,,,,,,,
2020-01-30 09:37:12.402000000,Add Order,1580395032402000000,A,2711093,B,1500.0,25.17,251700.0,XIU,1.0,,,,,,,,,,,,,,
2020-01-30 09:37:12.572000000,Add Order,1580395032572000000,A,2711927,S,1500.0,25.18,251800.0,XIU,1.0,,,,,,,,,,,,,,
2020-01-30 09:37:12.788000000,Add Order,1580395032788000000,A,2713782,B,1500.0,25.17,251700.0,XIU,1.0,,,,,,,,,,,,,,
2020-01-30 09:37:12.790000000,Add Order,1580395032790000000,A,2713907,B,1500.0,25.17,251700.0,XIU,1.0,,,,,,,,,,,,,,
2020-01-30 09:37:12.892000000,Add Order,1580395032892000000,A,2715892,B,1500.0,25.17,251700.0,XIU,1.0,,,,,,,,,,,,,,
2020-01-30 09:37:13.112000000,Add Order,1580395033112000000,A,2717957,B,700.0,25.16,251600.0,XIU,1.0,,,,,,,,,,,,,,
2020-01-30 09:37:13.146000000,Add Order,1580395033146000000,A,2718164,B,700.0,25.16,251600.0,XIU,1.0,,,,,,,,,,,,,,
2020-01-30 09:37:15.429000000,Add Order,1580395035429000000,A,2731364,B,700.0,25.16,251600.0,XIU,1.0,,,,,,,,,,,,,,
2020-01-30 09:37:15.533000000,Add Order,1580395035533000000,A,2731942,S,1500.0,25.28,252800.0,XIU,1.0,,,,,,,,,,,,,,
2020-01-30 09:37:15.536000000,Add Order,1580395035536000000,A,2731981,B,1500.0,25.17,251700.0,XIU,1.0,,,,,,,,,,,,,,
2020-01-30 09:37:15.538000000,Add Order,1580395035538000000,A,2732007,B,1500.0,25.17,251700.0,XIU,1.0,,,,,,,,,,,,,,
2020-01-30 09:37:15.553000000,Add Order,1580395035553000000,A,2732070,S,1500.0,25.18,251800.0,XIU,1.0,,,,,,,,,,,,,,
2020-01-30 09:37:15.573000000,Add Order,1580395035573000000,A,2732148,S,1500.0,25.18,251800.0,XIU,1.0,,,,,,,,,,,,,,
2020-01-30 09:37:15.591000000,Add Order,1580395035591000000,A,2732307,S,1500.0,25.18,251800.0,XIU,1.0,,,,,,,,,,,,,,
2020-01-30 09:37:15.641000000,Add Order,1580395035641000000,A,2732500,B,1500.0,25.17,251700.0,XIU,1.0,,,,,,,,,,,,,,
2020-01-30 09:37:16.039000000,Add Order,1580395036039000000,A,2734766,B,1500.0,25.17,251700.0,XIU,1.0,,,,,,,,,,,,,,
2020-01-30 09:37:16.041000000,Add Order,1580395036041000000,A,2734795,S,1500.0,25.18,251800.0,XIU,1.0,,,,,,,,,,,,,,
2020-01-30 09:37:17.131000000,Add Order,1580395037131000000,A,2740508,B,1500.0,25.05,250500.0,XIU,1.0,,,,,,,,,,,,,,
2020-01-30 09:37:17.132000000,Add Order,1580395037132000000,A,2740525,S,1500.0,25.18,251800.0,XIU,1.0,,,,,,,,,,,,,,
2020-01-30 09:37:17.734000000,Add Order,1580395037734000000,A,2743501,B,1500.0,25.17,251700.0,XIU,1.0,,,,,,,,,,,,,,
2020-01-30 09:37:17.866000000,Add Order,1580395037866000000,A,2744340,B,1500.0,25.17,251700.0,XIU,1.0,,,,,,,,,,,,,,
2020-01-30 09:37:18.190000000,Add Order,1580395038190000000,A,2747977,S,1500.0,25.18,251800.0,XIU,1.0,,,,,,,,,,,,,,
2020-01-30 09:37:18.193000000,Add Order,1580395038193000000,A,2748047,S,1500.0,25.18,251800.0,XIU,1.0,,,,,,,,,,,,,,
2020-01-30 09:37:18.198000000,Add Order,1580395038198000000,A,2748157,B,1500.0,25.17,251700.0,XIU,1.0,,,,,,,,,,,,,,
2020-01-30 09:37:18.199000000,Add Order,1580395038199000000,A,2748172,S,1500.0,25.18,251800.0,XIU,1.0,,,,,,,,,,,,,,
2020-01-30 09:37:18.258000000,Add Order,1580395038258000000,A,2748477,S,1500.0,25.18,251800.0,XIU,1.0,,,,,,,,,,,,,,
2020-01-30 09:37:18.292000000,Add Order,1580395038292000000,A,2748846,S,1500.0,25.18,251800.0,XIU,1.0,,,,,,,,,,,,,,
2020-01-30 09:37:18.333000000,Add Order,1580395038333000000,A,2749045,B,1500.0,25.05,250500.0,XIU,1.0,,,,,,,,,,,,,,
2020-01-30 09:37:18.406000000,Add Order,1580395038406000000,A,2749475,S,1500.0,25.18,251800.0,XIU,1.0,,,,,,,,,,,,,,
2020-01-30 09:37:18.908000000,Add Order,1580395038908000000,A,2752549,S,700.0,25.18,251800.0,XIU,1.0,,,,,,,,,,,,,,
2020-01-30 09:37:18.908000000,Add Order,1580395038908000000,A,2752593,B,1500.0,25.1,251000.0,XIU,1.0,,,,,,,,,,,,,,
2020-01-30 09:37:19.033000000,Add Order,1580395039033000000,A,2754937,B,1500.0,25.16,251600.0,XIU,1.0,,,,,,,,,,,,,,
2020-01-30 09:37:19.033000000,Add Order,1580395039033000000,A,2754946,S,1500.0,25.18,251800.0,XIU,1.0,,,,,,,,,,,,,,
2020-01-30 09:37:19.042000000,Add Order,1580395039042000000,A,2755695,S,1500.0,25.18,251800.0,XIU,1.0,,,,,,,,,,,,,,
2020-01-30 09:37:19.124000000,Add Order,1580395039124000000,A,2757337,B,1500.0,25.16,251600.0,XIU,1.0,,,,,,,,,,,,,,
2020-01-30 09:37:19.202000000,Add Order,1580395039202000000,A,2758503,B,1500.0,25.16,251600.0,XIU,1.0,,,,,,,,,,,,,,
2020-01-30 09:37:19.480000000,Add Order,1580395039480000000,A,2760229,B,1500.0,25.16,251600.0,XIU,1.0,,,,,,,,,,,,,,
2020-01-30 09:37:19.548000000,Add Order,1580395039548000000,A,2760736,B,1500.0,25.16,251600.0,XIU,1.0,,,,,,,,,,,,,,
2020-01-30 09:37:20.494000000,Add Order,1580395040494000000,A,2765956,B,1500.0,25.16,251600.0,XIU,1.0,,,,,,,,,,,,,,
2020-01-30 09:37:20.617000000,Add Order,1580395040617000000,A,2766372,B,1500.0,25.16,251600.0,XIU,1.0,,,,,,,,,,,,,,
2020-01-30 09:37:20.647000000,Add Order,1580395040647000000,A,2766520,B,1500.0,25.16,251600.0,XIU,1.0,,,,,,,,,,,,,,
2020-01-30 09:37:20.657000000,Add Order,1580395040657000000,A,2766568,B,1500.0,25.16,251600.0,XIU,1.0,,,,,,,,,,,,,,
2020-01-30 09:37:20.659000000,Add Order,1580395040659000000,A,2766599,B,1500.0,25.16,251600.0,XIU,1.0,,,,,,,,,,,,,,
2020-01-30 09:37:20.667000000,Add Order,1580395040667000000,A,2766635,B,1500.0,25.16,251600.0,XIU,1.0,,,,,,,,,,,,,,
2020-01-30 09:37:21.410000000,Add Order,1580395041410000000,A,2772901,S,1500.0,25.18,251800.0,XIU,1.0,,,,,,,,,,,,,,
2020-01-30 09:37:21.411000000,Add Order,1580395041411000000,A,2772919,S,1500.0,25.17,251700.0,XIU,1.0,,,,,,,,,,,,,,
2020-01-30 09:37:21.411000000,Order Execution,1580395041411000000,E,2772919,,,,,,1.0,1500.0,3023866.0,2772927.0,,80.0,,,,,,,,,
2020-01-30 09:37:21.411000000,Add Order,1580395041411000000,A,2772936,S,700.0,25.18,251800.0,XIU,1.0,,,,,,,,,,,,,,
2020-01-30 09:37:21.412000000,Add Order,1580395041412000000,A,2772952,S,1500.0,25.17,251700.0,XIU,1.0,,,,,,,,,,,,,,
2020-01-30 09:37:21.412000000,Add Order,1580395041412000000,A,2772970,B,700.0,25.16,251600.0,XIU,1.0,,,,,,,,,,,,,,
2020-01-30 09:37:21.436000000,Add Order,1580395041436000000,A,2773813,S,700.0,25.18,251800.0,XIU,1.0,,,,,,,,,,,,,,
2020-01-30 09:37:21.436000000,Add Order,1580395041436000000,A,2773822,S,1500.0,25.18,251800.0,XIU,1.0,,,,,,,,,,,,,,
2020-01-30 09:37:21.488000000,Add Order,1580395041488000000,A,2774584,S,1500.0,25.18,251800.0,XIU,1.0,,,,,,,,,,,,,,
2020-01-30 09:37:21.512000000,Add Order,1580395041512000000,A,2775516,S,1500.0,25.27,252700.0,XIU,1.0,,,,,,,,,,,,,,
2020-01-30 09:37:21.737000000,Add Order,1580395041737000000,A,2776821,S,1500.0,25.18,251800.0,XIU,1.0,,,,,,,,,,,,,,
2020-01-30 09:37:22.194000000,Add Order,1580395042194000000,A,2778940,B,700.0,25.16,251600.0,XIU,1.0,,,,,,,,,,,,,,
2020-01-30 09:37:22.219000000,Add Order,1580395042219000000,A,2779438,S,1500.0,25.18,251800.0,XIU,1.0,,,,,,,,,,,,,,
2020-01-30 09:37:22.304000000,Add Order,1580395042304000000,A,2779861,S,1500.0,25.18,251800.0,XIU,1.0,,,,,,,,,,,,,,
2020-01-30 09:37:22.860000000,Add Order,1580395042860000000,A,2782288,S,1500.0,25.18,251800.0,XIU,1.0,,,,,,,,,,,,,,
2020-01-30 09:37:23.153000000,Add Order,1580395043153000000,A,2784215,S,1500.0,25.18,251800.0,XIU,1.0,,,,,,,,,,,,,,
2020-01-30 09:37:23.279000000,Add Order,1580395043279000000,A,2785024,S,1500.0,25.18,251800.0,XIU,1.0,,,,,,,,,,,,,,
2020-01-30 09:37:23.377000000,Add Order,1580395043377000000,A,2785695,B,1500.0,25.17,251700.0,XIU,1.0,,,,,,,,,,,,,,
2020-01-30 09:37:23.641000000,Add Order,1580395043641000000,A,2786712,B,1500.0,25.17,251700.0,XIU,1.0,,,,,,,,,,,,,,
2020-01-30 09:37:23.669000000,Add Order,1580395043669000000,A,2786817,S,1500.0,25.18,251800.0,XIU,1.0,,,,,,,,,,,,,,
2020-01-30 09:37:23.772000000,Add Order,1580395043772000000,A,2787174,S,1500.0,25.18,251800.0,XIU,1.0,,,,,,,,,,,,,,
2020-01-30 09:37:24.830000000,Add Order,1580395044830000000,A,2793019,S,700.0,25.18,251800.0,XIU,1.0,,,,,,,,,,,,,,
2020-01-30 09:37:24.974000000,Add Order,1580395044974000000,A,2794041,B,700.0,25.16,251600.0,XIU,1.0,,,,,,,,,,,,,,
2020-01-30 09:37:24.974000000,Add Order,1580395044974000000,A,2794044,B,1500.0,25.16,251600.0,XIU,1.0,,,,,,,,,,,,,,
2020-01-30 09:37:26.217000000,Add Order,1580395046217000000,A,2802284,B,700.0,25.16,251600.0,XIU,1.0,,,,,,,,,,,,,,
2020-01-30 09:37:26.663000000,Add Order,1580395046663000000,A,2805302,S,700.0,25.18,251800.0,XIU,1.0,,,,,,,,,,,,,,
2020-01-30 09:37:27.977000000,Add Order,1580395047977000000,A,2810639,S,700.0,25.18,251800.0,XIU,1.0,,,,,,,,,,,,,,
2020-01-30 09:37:28.224000000,Add Order,1580395048224000000,A,2812811,S,700.0,25.18,251800.0,XIU,1.0,,,,,,,,,,,,,,
2020-01-30 09:37:30.593000000,Add Order,1580395050593000000,A,2825745,B,1500.0,25.16,251600.0,XIU,1.0,,,,,,,,,,,,,,
2020-01-30 09:37:32.449000000,Add Order,1580395052449000000,A,2835599,B,1500.0,25.16,251600.0,XIU,1.0,,,,,,,,,,,,,,
2020-01-30 09:37:32.450000000,Add Order,1580395052450000000,A,2835602,S,1500.0,25.18,251800.0,XIU,1.0,,,,,,,,,,,,,,
2020-01-30 09:37:32.459000000,Add Order,1580395052459000000,A,2835711,B,1500.0,25.16,251600.0,XIU,1.0,,,,,,,,,,,,,,
2020-01-30 09:37:32.459000000,Add Order,1580395052459000000,A,2835714,S,3500.0,25.17,251700.0,XIU,1.0,,,,,,,,,,,,,,
2020-01-30 09:37:32.459000000,Add Order,1580395052459000000,A,2835718,S,1500.0,25.18,251800.0,XIU,1.0,,,,,,,,,,,,,,
2020-01-30 09:37:32.459000000,Add Order,1580395052459000000,A,2835718,S,1500.0,25.17,251700.0,XIU,1.0,,,,,,,,,,,,,,
2020-01-30 09:37:32.461000000,Add Order,1580395052461000000,A,2835758,B,1500.0,25.16,251600.0,XIU,1.0,,,,,,,,,,,,,,
2020-01-30 09:37:32.462000000,Add Order,1580395052462000000,A,2835764,S,1500.0,25.17,251700.0,XIU,1.0,,,,,,,,,,,,,,
2020-01-30 09:37:32.485000000,Add Order,1580395052485000000,A,2836090,B,1500.0,25.16,251600.0,XIU,1.0,,,,,,,,,,,,,,
2020-01-30 09:37:32.502000000,Add Order,1580395052502000000,A,2836188,B,1500.0,25.16,251600.0,XIU,1.0,,,,,,,,,,,,,,
2020-01-30 09:37:32.659000000,Add Order,1580395052659000000,A,2837085,S,700.0,25.18,251800.0,XIU,1.0,,,,,,,,,,,,,,
2020-01-30 09:37:32.668000000,Add Order,1580395052668000000,A,2837119,S,1500.0,25.17,251700.0,XIU,1.0,,,,,,,,,,,,,,
2020-01-30 09:37:32.937000000,Add Order,1580395052937000000,A,2838481,B,1500.0,25.16,251600.0,XIU,1.0,,,,,,,,,,,,,,
2020-01-30 09:37:33.253000000,Add Order,1580395053253000000,A,2840193,B,1500.0,25.16,251600.0,XIU,1.0,,,,,,,,,,,,,,
2020-01-30 09:37:33.255000000,Add Order,1580395053255000000,A,2840249,B,1500.0,25.16,251600.0,XIU,1.0,,,,,,,,,,,,,,
2020-01-30 09:37:33.257000000,Add Order,1580395053257000000,A,2840359,B,1500.0,25.16,251600.0,XIU,1.0,,,,,,,,,,,,,,
2020-01-30 09:37:33.356000000,Add Order,1580395053356000000,A,2840984,S,1500.0,25.27,252700.0,XIU,1.0,,,,,,,,,,,,,,
2020-01-30 09:37:33.470000000,Add Order,1580395053470000000,A,2841594,S,700.0,25.18,251800.0,XIU,1.0,,,,,,,,,,,,,,
2020-01-30 09:37:33.544000000,Add Order,1580395053544000000,A,2843036,B,1500.0,25.17,251700.0,XIU,1.0,,,,,,,,,,,,,,
2020-01-30 09:37:35.518000000,Add Order,1580395055518000000,A,2851706,S,1500.0,25.17,251700.0,XIU,1.0,,,,,,,,,,,,,,
2020-01-30 09:37:35.518000000,Add Order,1580395055518000000,A,2851708,B,700.0,25.16,251600.0,XIU,1.0,,,,,,,,,,,,,,
2020-01-30 09:37:35.577000000,Add Order,1580395055577000000,A,2851910,B,700.0,25.16,251600.0,XIU,1.0,,,,,,,,,,,,,,
2020-01-30 09:37:35.816000000,Add Order,1580395055816000000,A,2852943,S,1500.0,25.27,252700.0,XIU,1.0,,,,,,,,,,,,,,
2020-01-30 09:37:36.139000000,Add Order,1580395056139000000,A,2854068,S,700.0,25.18,251800.0,XIU,1.0,,,,,,,,,,,,,,
2020-01-30 09:37:36.340000000,Add Order,1580395056340000000,A,2855274,B,1500.0,25.16,251600.0,XIU,1.0,,,,,,,,,,,,,,
2020-01-30 09:37:36.341000000,Add Order,1580395056341000000,A,2855274,B,1500.0,25.17,251700.0,XIU,1.0,,,,,,,,,,,,,,
2020-01-30 09:37:36.341000000,Add Order,1580395056341000000,A,2855306,S,700.0,25.18,251800.0,XIU,1.0,,,,,,,,,,,,,,
2020-01-30 09:37:37.436000000,Add Order,1580395057436000000,A,2860055,B,700.0,25.16,251600.0,XIU,1.0,,,,,,,,,,,,,,
2020-01-30 09:37:37.437000000,Add Order,1580395057437000000,A,2860072,B,1500.0,25.17,251700.0,XIU,1.0,,,,,,,,,,,,,,
2020-01-30 09:37:37.439000000,Add Order,1580395057439000000,A,2860138,B,1500.0,25.17,251700.0,XIU,1.0,,,,,,,,,,,,,,
2020-01-30 09:37:37.507000000,Add Order,1580395057507000000,A,2861182,B,1500.0,25.17,251700.0,XIU,1.0,,,,,,,,,,,,,,
2020-01-30 09:37:37.671000000,Add Order,1580395057671000000,A,2862099,S,1500.0,25.18,251800.0,XIU,1.0,,,,,,,,,,,,,,
2020-01-30 09:37:37.770000000,Add Order,1580395057770000000,A,2862527,B,1500.0,25.17,251700.0,XIU,1.0,,,,,,,,,,,,,,
2020-01-30 09:37:37.773000000,Add Order,1580395057773000000,A,2862545,B,1500.0,25.17,251700.0,XIU,1.0,,,,,,,,,,,,,,
2020-01-30 09:37:37.921000000,Add Order,1580395057921000000,A,2863448,S,1500.0,25.18,251800.0,XIU,1.0,,,,,,,,,,,,,,
2020-01-30 09:37:37.970000000,Add Order,1580395057970000000,A,2863768,S,1500.0,25.18,251800.0,XIU,1.0,,,,,,,,,,,,,,
2020-01-30 09:37:38.021000000,Add Order,1580395058021000000,A,2864811,B,1500.0,25.17,251700.0,XIU,1.0,,,,,,,,,,,,,,
2020-01-30 09:37:38.025000000,Add Order,1580395058025000000,A,2865015,S,1500.0,25.18,251800.0,XIU,1.0,,,,,,,,,,,,,,
2020-01-30 09:37:38.050000000,Add Order,1580395058050000000,A,2865354,S,1500.0,25.18,251800.0,XIU,1.0,,,,,,,,,,,,,,
2020-01-30 09:37:38.210000000,Add Order,1580395058210000000,A,2866507,B,1500.0,25.17,251700.0,XIU,1.0,,,,,,,,,,,,,,
2020-01-30 09:37:38.210000000,Add Order,1580395058210000000,A,2866508,S,1500.0,25.18,251800.0,XIU,1.0,,,,,,,,,,,,,,
2020-01-30 09:37:38.211000000,Add Order,1580395058211000000,A,2866513,S,1500.0,25.18,251800.0,XIU,1.0,,,,,,,,,,,,,,
2020-01-30 09:37:38.215000000,Add Order,1580395058215000000,A,2866556,S,7000.0,25.18,251800.0,XIU,1.0,,,,,,,,,,,,,,
2020-01-30 09:37:38.215000000,Add Order,1580395058215000000,A,2866559,S,1500.0,25.18,251800.0,XIU,1.0,,,,,,,,,,,,,,
2020-01-30 09:37:38.386000000,Add Order,1580395058386000000,A,2867923,B,1500.0,25.17,251700.0,XIU,1.0,,,,,,,,,,,,,,
2020-01-30 09:37:38.389000000,Add Order,1580395058389000000,A,2867981,S,1500.0,25.18,251800.0,XIU,1.0,,,,,,,,,,,,,,
2020-01-30 09:37:38.629000000,Add Order,1580395058629000000,A,2869203,S,1500.0,25.18,251800.0,XIU,1.0,,,,,,,,,,,,,,
2020-01-30 09:37:38.655000000,Add Order,1580395058655000000,A,2869326,B,700.0,25.16,251600.0,XIU,1.0,,,,,,,,,,,,,,
2020-01-30 09:37:38.655000000,Add Order,1580395058655000000,A,2869327,B,1500.0,25.16,251600.0,XIU,1.0,,,,,,,,,,,,,,
2020-01-30 09:37:39.669000000,Add Order,1580395059669000000,A,2874027,S,700.0,25.18,251800.0,XIU,1.0,,,,,,,,,,,,,,
2020-01-30 09:37:40.122000000,Add Order,1580395060122000000,A,2875987,B,1500.0,25.16,251600.0,XIU,1.0,,,,,,,,,,,,,,
2020-01-30 09:37:40.439000000,Add Order,1580395060439000000,A,2877871,B,1500.0,25.16,251600.0,XIU,1.0,,,,,,,,,,,,,,
2020-01-30 09:37:40.597000000,Add Order,1580395060597000000,A,2878770,S,1000.0,25.17,251700.0,XIU,1.0,,,,,,,,,,,,,,
2020-01-30 09:37:40.597000000,Add Order,1580395060597000000,A,2878771,S,1500.0,25.17,251700.0,XIU,1.0,,,,,,,,,,,,,,
2020-01-30 09:37:40.597000000,Add Order,1580395060597000000,A,2878774,B,700.0,25.16,251600.0,XIU,1.0,,,,,,,,,,,,,,
2020-01-30 09:37:40.597000000,Add Order,1580395060597000000,A,2878775,B,1500.0,25.16,251600.0,XIU,1.0,,,,,,,,,,,,,,
2020-01-30 09:37:40.600000000,Add Order,1580395060600000000,A,2878788,S,1500.0,25.17,251700.0,XIU,1.0,,,,,,,,,,,,,,
2020-01-30 09:37:41.223000000,Add Order,1580395061223000000,A,2881135,S,700.0,25.18,251800.0,XIU,1.0,,,,,,,,,,,,,,
2020-01-30 09:37:41.541000000,Add Order,1580395061541000000,A,2882217,B,1500.0,25.05,250500.0,XIU,1.0,,,,,,,,,,,,,,
2020-01-30 09:37:41.640000000,Add Order,1580395061640000000,A,2882886,B,1500.0,25.16,251600.0,XIU,1.0,,,,,,,,,,,,,,
2020-01-30 09:37:41.696000000,Add Order,1580395061696000000,A,2883589,B,1500.0,25.16,251600.0,XIU,1.0,,,,,,,,,,,,,,
2020-01-30 09:37:42.011000000,Add Order,1580395062011000000,A,2884511,B,1500.0,25.16,251600.0,XIU,1.0,,,,,,,,,,,,,,
2020-01-30 09:37:42.237000000,Add Order,1580395062237000000,A,2885047,S,1500.0,25.17,251700.0,XIU,1.0,,,,,,,,,,,,,,
2020-01-30 09:37:42.504000000,Add Order,1580395062504000000,A,2885787,B,1500.0,25.16,251600.0,XIU,1.0,,,,,,,,,,,,,,
2020-01-30 09:37:42.538000000,Order Execution,1580395062538000000,E,2878770,,,,,,1.0,1000.0,3024871.0,2885839.0,,80.0,,,,,,,,,
2020-01-30 09:37:42.538000000,Add Order,1580395062538000000,A,2885840,B,1500.0,25.16,251600.0,XIU,1.0,,,,,,,,,,,,,,
2020-01-30 09:37:42.538000000,Add Order,1580395062538000000,A,2885846,B,1500.0,25.16,251600.0,XIU,1.0,,,,,,,,,,,,,,
2020-01-30 09:37:42.539000000,Add Order,1580395062539000000,A,2885846,B,1500.0,25.17,251700.0,XIU,1.0,,,,,,,,,,,,,,
2020-01-30 09:37:42.540000000,Add Order,1580395062540000000,A,2886056,B,1500.0,25.16,251600.0,XIU,1.0,,,,,,,,,,,,,,
2020-01-30 09:37:42.639000000,Add Order,1580395062639000000,A,2886765,S,1500.0,25.27,252700.0,XIU,1.0,,,,,,,,,,,,,,
2020-01-30 09:37:43.567000000,Add Order,1580395063567000000,A,2891509,S,1500.0,25.17,251700.0,XIU,1.0,,,,,,,,,,,,,,
2020-01-30 09:37:43.569000000,Add Order,1580395063569000000,A,2891516,S,1500.0,25.17,251700.0,XIU,1.0,,,,,,,,,,,,,,
2020-01-30 09:37:43.746000000,Add Order,1580395063746000000,A,2892523,B,1500.0,25.16,251600.0,XIU,1.0,,,,,,,,,,,,,,
2020-01-30 09:37:43.758000000,Add Order,1580395063758000000,A,2892621,B,1500.0,25.16,251600.0,XIU,1.0,,,,,,,,,,,,,,
2020-01-30 09:37:43.791000000,Add Order,1580395063791000000,A,2892788,B,1500.0,25.16,251600.0,XIU,1.0,,,,,,,,,,,,,,
2020-01-30 09:37:44.321000000,Add Order,1580395064321000000,A,2894632,S,700.0,25.18,251800.0,XIU,1.0,,,,,,,,,,,,,,
2020-01-30 09:37:44.909000000,Add Order,1580395064909000000,A,2895915,B,1500.0,25.16,251600.0,XIU,1.0,,,,,,,,,,,,,,
2020-01-30 09:37:44.938000000,Add Order,1580395064938000000,A,2896189,B,1500.0,25.16,251600.0,XIU,1.0,,,,,,,,,,,,,,
2020-01-30 09:37:45.210000000,Add Order,1580395065210000000,A,2899150,S,1500.0,25.17,251700.0,XIU,1.0,,,,,,,,,,,,,,
2020-01-30 09:37:45.210000000,Add Order,1580395065210000000,A,2899153,S,7000.0,25.17,251700.0,XIU,1.0,,,,,,,,,,,,,,
2020-01-30 09:37:45.314000000,Add Order,1580395065314000000,A,2899545,S,1500.0,25.17,251700.0,XIU,1.0,,,,,,,,,,,,,,
2020-01-30 09:37:45.757000000,Add Order,1580395065757000000,A,2901350,S,1500.0,25.17,251700.0,XIU,1.0,,,,,,,,,,,,,,
2020-01-30 09:37:48.925000000,Add Order,1580395068925000000,A,2916841,B,1500.0,25.16,251600.0,XIU,1.0,,,,,,,,,,,,,,
2020-01-30 09:37:48.977000000,Add Order,1580395068977000000,A,2917476,S,700.0,25.18,251800.0,XIU,1.0,,,,,,,,,,,,,,
2020-01-30 09:37:48.977000000,Add Order,1580395068977000000,A,2917478,B,1500.0,25.17,251700.0,XIU,1.0,,,,,,,,,,,,,,
2020-01-30 09:37:49.026000000,Add Order,1580395069026000000,A,2917709,S,1500.0,25.27,252700.0,XIU,1.0,,,,,,,,,,,,,,
2020-01-30 09:37:51.066000000,Add Order,1580395071066000000,A,2926300,S,1500.0,25.18,251800.0,XIU,1.0,,,,,,,,,,,,,,
2020-01-30 09:37:51.376000000,Add Order,1580395071376000000,A,2927514,S,1500.0,25.17,251700.0,XIU,1.0,,,,,,,,,,,,,,
