time,Msg Type,Time Stamp,Message Type,Order Reference,Buy/Sell Indicator,Shares,Price Decimal,Price,Stock,Broker,Executed Shares,Trade Reference,Contra Order Reference,Trade Attribute,Contra Broker,Cancelled Shares,Cross Type,Settlement Terms,Event Code,Trading State,Listing Market,Board Lot Size,Currency,GEF Eligible
2020-01-30 09:30:58.966000000,Add Order,1580394658966000000,A,493497,S,5600.0,25.23,252300.0,XIU,9.0,,,,,,,,,,,,,,
2020-01-30 09:30:58.966000000,Add Order,1580394658966000000,A,493498,B,5600.0,25.17,251700.0,XIU,9.0,,,,,,,,,,,,,,
2020-01-30 09:30:58.966000000,Add Order,1580394658966000000,A,493499,S,5600.0,25.24,252400.0,XIU,9.0,,,,,,,,,,,,,,
2020-01-30 09:30:58.966000000,Add Order,1580394658966000000,A,493500,B,5600.0,25.16,251600.0,XIU,9.0,,,,,,,,,,,,,,
2020-01-30 09:30:58.966000000,Add Order,1580394658966000000,A,493501,S,5600.0,25.25,252500.0,XIU,9.0,,,,,,,,,,,,,,
2020-01-30 09:30:58.967000000,Add Order,1580394658967000000,A,493504,B,5600.0,25.15,251500.0,XIU,9.0,,,,,,,,,,,,,,
2020-01-30 09:30:58.967000000,Add Order,1580394658967000000,A,493505,S,5600.0,25.26,252600.0,XIU,9.0,,,,,,,,,,,,,,
2020-01-30 09:30:58.967000000,Add Order,1580394658967000000,A,493506,B,5600.0,25.14,251400.0,XIU,9.0,,,,,,,,,,,,,,
2020-01-30 09:31:03.084000000,Add Order,1580394663084000000,A,493506,B,5600.0,25.18,251800.0,XIU,9.0,,,,,,,,,,,,,,
2020-01-30 09:31:03.484000000,Add Order,1580394663484000000,A,493497,S,5600.0,25.27,252700.0,XIU,9.0,,,,,,,,,,,,,,
2020-01-30 09:31:03.935000000,Add Order,1580394663935000000,A,493506,B,5600.0,25.14,251400.0,XIU,9.0,,,,,,,,,,,,,,
2020-01-30 09:31:03.936000000,Add Order,1580394663936000000,A,493506,B,5600.0,25.18,251800.0,XIU,9.0,,,,,,,,,,,,,,
2020-01-30 09:31:05.750000000,Add Order,1580394665750000000,A,493506,B,5600.0,25.14,251400.0,XIU,9.0,,,,,,,,,,,,,,
2020-01-30 09:31:06.461000000,Add Order,1580394666461000000,A,493506,B,5600.0,25.18,251800.0,XIU,9.0,,,,,,,,,,,,,,
2020-01-30 09:31:06.723000000,Add Order,1580394666723000000,A,493506,B,5600.0,25.14,251400.0,XIU,9.0,,,,,,,,,,,,,,
2020-01-30 09:31:11.324000000,Add Order,1580394671324000000,A,493506,B,5600.0,25.18,251800.0,XIU,9.0,,,,,,,,,,,,,,
2020-01-30 09:31:11.836000000,Add Order,1580394671836000000,A,493506,B,5600.0,25.14,251400.0,XIU,9.0,,,,,,,,,,,,,,
2020-01-30 09:31:13.025000000,Add Order,1580394673025000000,A,493506,B,5600.0,25.18,251800.0,XIU,9.0,,,,,,,,,,,,,,
2020-01-30 09:31:13.734000000,Add Order,1580394673734000000,A,493506,B,5600.0,25.14,251400.0,XIU,9.0,,,,,,,,,,,,,,
2020-01-30 09:31:14.461000000,Add Order,1580394674461000000,A,493506,B,5600.0,25.18,251800.0,XIU,9.0,,,,,,,,,,,,,,
2020-01-30 09:31:14.669000000,Add Order,1580394674669000000,A,493499,S,5600.0,25.28,252800.0,XIU,9.0,,,,,,,,,,,,,,
2020-01-30 09:31:16.201000000,Add Order,1580394676201000000,A,493499,S,5600.0,25.24,252400.0,XIU,9.0,,,,,,,,,,,,,,
2020-01-30 09:31:18.099000000,Add Order,1580394678099000000,A,493506,B,5600.0,25.14,251400.0,XIU,9.0,,,,,,,,,,,,,,
2020-01-30 09:31:18.956000000,Add Order,1580394678956000000,A,493497,S,5600.0,25.23,252300.0,XIU,9.0,,,,,,,,,,,,,,
2020-01-30 09:31:22.987000000,Add Order,1580394682987000000,A,493498,B,5600.0,25.13,251300.0,XIU,9.0,,,,,,,,,,,,,,
2020-01-30 09:31:23.551000000,Add Order,1580394683551000000,A,493505,S,5600.0,25.22,252200.0,XIU,9.0,,,,,,,,,,,,,,
2020-01-30 09:31:24.174000000,Add Order,1580394684174000000,A,493505,S,5600.0,25.26,252600.0,XIU,9.0,,,,,,,,,,,,,,
2020-01-30 09:31:24.612000000,Add Order,1580394684612000000,A,493497,S,5600.0,25.27,252700.0,XIU,9.0,,,,,,,,,,,,,,
2020-01-30 09:31:24.613000000,Add Order,1580394684613000000,A,493497,S,5600.0,25.23,252300.0,XIU,9.0,,,,,,,,,,,,,,
2020-01-30 09:31:24.615000000,Add Order,1580394684615000000,A,493497,S,5600.0,25.27,252700.0,XIU,9.0,,,,,,,,,,,,,,
2020-01-30 09:31:24.616000000,Add Order,1580394684616000000,A,493497,S,5600.0,25.23,252300.0,XIU,9.0,,,,,,,,,,,,,,
2020-01-30 09:31:24.622000000,Add Order,1580394684622000000,A,493497,S,5600.0,25.27,252700.0,XIU,9.0,,,,,,,,,,,,,,
2020-01-30 09:31:24.699000000,Add Order,1580394684699000000,A,493497,S,5600.0,25.23,252300.0,XIU,9.0,,,,,,,,,,,,,,
2020-01-30 09:31:24.716000000,Add Order,1580394684716000000,A,493497,S,5600.0,25.27,252700.0,XIU,9.0,,,,,,,,,,,,,,
2020-01-30 09:31:24.752000000,Add Order,1580394684752000000,A,493497,S,5600.0,25.23,252300.0,XIU,9.0,,,,,,,,,,,,,,
2020-01-30 09:31:27.394000000,Add Order,1580394687394000000,A,493500,B,5600.0,25.12,251200.0,XIU,9.0,,,,,,,,,,,,,,
2020-01-30 09:31:27.402000000,Add Order,1580394687402000000,A,493505,S,5600.0,25.22,252200.0,XIU,9.0,,,,,,,,,,,,,,
2020-01-30 09:31:27.406000000,Add Order,1580394687406000000,A,493505,S,5600.0,25.26,252600.0,XIU,9.0,,,,,,,,,,,,,,
2020-01-30 09:31:27.409000000,Add Order,1580394687409000000,A,493505,S,5600.0,25.22,252200.0,XIU,9.0,,,,,,,,,,,,,,
2020-01-30 09:31:27.526000000,Add Order,1580394687526000000,A,493505,S,5600.0,25.26,252600.0,XIU,9.0,,,,,,,,,,,,,,
2020-01-30 09:31:27.544000000,Add Order,1580394687544000000,A,493505,S,5600.0,25.22,252200.0,XIU,9.0,,,,,,,,,,,,,,
2020-01-30 09:31:31.010000000,Add Order,1580394691010000000,A,493501,S,5600.0,25.21,252100.0,XIU,9.0,,,,,,,,,,,,,,
2020-01-30 09:31:31.011000000,Add Order,1580394691011000000,A,493501,S,5600.0,25.25,252500.0,XIU,9.0,,,,,,,,,,,,,,
2020-01-30 09:31:31.589000000,Add Order,1580394691589000000,A,493501,S,5600.0,25.21,252100.0,XIU,9.0,,,,,,,,,,,,,,
2020-01-30 09:31:32.138000000,Add Order,1580394692138000000,A,493501,S,5600.0,25.25,252500.0,XIU,9.0,,,,,,,,,,,,,,
2020-01-30 09:31:32.138000000,Add Order,1580394692138000000,A,493501,S,5600.0,25.21,252100.0,XIU,9.0,,,,,,,,,,,,,,
2020-01-30 09:31:32.176000000,Add Order,1580394692176000000,A,493501,S,5600.0,25.25,252500.0,XIU,9.0,,,,,,,,,,,,,,
2020-01-30 09:31:32.195000000,Add Order,1580394692195000000,A,493501,S,5600.0,25.21,252100.0,XIU,9.0,,,,,,,,,,,,,,
2020-01-30 09:31:32.200000000,Add Order,1580394692200000000,A,493501,S,5600.0,25.25,252500.0,XIU,9.0,,,,,,,,,,,,,,
2020-01-30 09:31:32.201000000,Add Order,1580394692201000000,A,493501,S,5600.0,25.21,252100.0,XIU,9.0,,,,,,,,,,,,,,
2020-01-30 09:31:32.522000000,Add Order,1580394692522000000,A,493501,S,5600.0,25.25,252500.0,XIU,9.0,,,,,,,,,,,,,,
2020-01-30 09:31:32.523000000,Add Order,1580394692523000000,A,493501,S,5600.0,25.21,252100.0,XIU,9.0,,,,,,,,,,,,,,
2020-01-30 09:31:32.567000000,Add Order,1580394692567000000,A,493501,S,5600.0,25.25,252500.0,XIU,9.0,,,,,,,,,,,,,,
2020-01-30 09:31:32.943000000,Add Order,1580394692943000000,A,493501,S,5600.0,25.21,252100.0,XIU,9.0,,,,,,,,,,,,,,
2020-01-30 09:31:32.945000000,Add Order,1580394692945000000,A,493501,S,5600.0,25.25,252500.0,XIU,9.0,,,,,,,,,,,,,,
2020-01-30 09:31:32.947000000,Add Order,1580394692947000000,A,493501,S,5600.0,25.21,252100.0,XIU,9.0,,,,,,,,,,,,,,
2020-01-30 09:31:33.052000000,Add Order,1580394693052000000,A,493501,S,5600.0,25.25,252500.0,XIU,9.0,,,,,,,,,,,,,,
2020-01-30 09:31:33.234000000,Add Order,1580394693234000000,A,493501,S,5600.0,25.21,252100.0,XIU,9.0,,,,,,,,,,,,,,
2020-01-30 09:31:33.392000000,Add Order,1580394693392000000,A,493501,S,5600.0,25.25,252500.0,XIU,9.0,,,,,,,,,,,,,,
2020-01-30 09:31:35.468000000,Add Order,1580394695468000000,A,493505,S,5600.0,25.26,252600.0,XIU,9.0,,,,,,,,,,,,,,
2020-01-30 09:31:35.679000000,Add Order,1580394695679000000,A,493505,S,5600.0,25.22,252200.0,XIU,9.0,,,,,,,,,,,,,,
2020-01-30 09:31:35.800000000,Add Order,1580394695800000000,A,493500,B,5600.0,25.16,251600.0,XIU,9.0,,,,,,,,,,,,,,
2020-01-30 09:31:35.979000000,Add Order,1580394695979000000,A,493505,S,5600.0,25.26,252600.0,XIU,9.0,,,,,,,,,,,,,,
2020-01-30 09:31:38.005000000,Add Order,1580394698005000000,A,493505,S,5600.0,25.22,252200.0,XIU,9.0,,,,,,,,,,,,,,
2020-01-30 09:31:38.006000000,Add Order,1580394698006000000,A,493505,S,5600.0,25.26,252600.0,XIU,9.0,,,,,,,,,,,,,,
2020-01-30 09:31:38.015000000,Add Order,1580394698015000000,A,493505,S,5600.0,25.22,252200.0,XIU,9.0,,,,,,,,,,,,,,
2020-01-30 09:31:41.169000000,Add Order,1580394701169000000,A,493505,S,5600.0,25.26,252600.0,XIU,9.0,,,,,,,,,,,,,,
2020-01-30 09:31:41.171000000,Add Order,1580394701171000000,A,493505,S,5600.0,25.22,252200.0,XIU,9.0,,,,,,,,,,,,,,
2020-01-30 09:31:44.411000000,Add Order,1580394704411000000,A,493505,S,5600.0,25.26,252600.0,XIU,9.0,,,,,,,,,,,,,,
2020-01-30 09:31:44.412000000,Add Order,1580394704412000000,A,493505,S,5600.0,25.22,252200.0,XIU,9.0,,,,,,,,,,,,,,
2020-01-30 09:31:46.988000000,Add Order,1580394706988000000,A,493505,S,5600.0,25.26,252600.0,XIU,9.0,,,,,,,,,,,,,,
2020-01-30 09:31:46.990000000,Add Order,1580394706990000000,A,493505,S,5600.0,25.22,252200.0,XIU,9.0,,,,,,,,,,,,,,
2020-01-30 09:31:46.992000000,Add Order,1580394706992000000,A,493505,S,5600.0,25.26,252600.0,XIU,9.0,,,,,,,,,,,,,,
2020-01-30 09:31:47.720000000,Add Order,1580394707720000000,A,493505,S,5600.0,25.22,252200.0,XIU,9.0,,,,,,,,,,,,,,
2020-01-30 09:31:47.795000000,Add Order,1580394707795000000,A,493505,S,5600.0,25.26,252600.0,XIU,9.0,,,,,,,,,,,,,,
2020-01-30 09:31:47.798000000,Add Order,1580394707798000000,A,493505,S,5600.0,25.22,252200.0,XIU,9.0,,,,,,,,,,,,,,
2020-01-30 09:31:50.064000000,Add Order,1580394710064000000,A,493501,S,5600.0,25.21,252100.0,XIU,9.0,,,,,,,,,,,,,,
2020-01-30 09:31:50.067000000,Add Order,1580394710067000000,A,493501,S,5600.0,25.25,252500.0,XIU,9.0,,,,,,,,,,,,,,
2020-01-30 09:31:50.068000000,Add Order,1580394710068000000,A,493500,B,5600.0,25.12,251200.0,XIU,9.0,,,,,,,,,,,,,,
2020-01-30 09:31:50.167000000,Add Order,1580394710167000000,A,493501,S,5600.0,25.21,252100.0,XIU,9.0,,,,,,,,,,,,,,
2020-01-30 09:31:50.184000000,Add Order,1580394710184000000,A,493501,S,5600.0,25.25,252500.0,XIU,9.0,,,,,,,,,,,,,,
2020-01-30 09:31:51.219000000,Add Order,1580394711219000000,A,493500,B,5600.0,25.16,251600.0,XIU,9.0,,,,,,,,,,,,,,
2020-01-30 09:31:51.229000000,Add Order,1580394711229000000,A,493500,B,5600.0,25.12,251200.0,XIU,9.0,,,,,,,,,,,,,,
2020-01-30 09:31:51.242000000,Add Order,1580394711242000000,A,493500,B,5600.0,25.16,251600.0,XIU,9.0,,,,,,,,,,,,,,
2020-01-30 09:31:53.489000000,Add Order,1580394713489000000,A,493501,S,5600.0,25.21,252100.0,XIU,9.0,,,,,,,,,,,,,,
2020-01-30 09:31:53.510000000,Add Order,1580394713510000000,A,493500,B,5600.0,25.12,251200.0,XIU,9.0,,,,,,,,,,,,,,
2020-01-30 09:31:54.302000000,Add Order,1580394714302000000,A,493500,B,5600.0,25.16,251600.0,XIU,9.0,,,,,,,,,,,,,,
2020-01-30 09:31:54.351000000,Add Order,1580394714351000000,A,493500,B,5600.0,25.12,251200.0,XIU,9.0,,,,,,,,,,,,,,
2020-01-30 09:31:54.357000000,Add Order,1580394714357000000,A,493500,B,5600.0,25.16,251600.0,XIU,9.0,,,,,,,,,,,,,,
2020-01-30 09:31:54.367000000,Add Order,1580394714367000000,A,493500,B,5600.0,25.12,251200.0,XIU,9.0,,,,,,,,,,,,,,
2020-01-30 09:31:54.368000000,Add Order,1580394714368000000,A,493500,B,5600.0,25.16,251600.0,XIU,9.0,,,,,,,,,,,,,,
2020-01-30 09:31:54.377000000,Add Order,1580394714377000000,A,493500,B,5600.0,25.12,251200.0,XIU,9.0,,,,,,,,,,,,,,
2020-01-30 09:31:54.388000000,Add Order,1580394714388000000,A,493500,B,5600.0,25.16,251600.0,XIU,9.0,,,,,,,,,,,,,,
2020-01-30 09:31:54.491000000,Add Order,1580394714491000000,A,493500,B,5600.0,25.12,251200.0,XIU,9.0,,,,,,,,,,,,,,
2020-01-30 09:31:54.493000000,Add Order,1580394714493000000,A,493500,B,5600.0,25.16,251600.0,XIU,9.0,,,,,,,,,,,,,,
2020-01-30 09:31:55.055000000,Add Order,1580394715055000000,A,493501,S,5600.0,25.25,252500.0,XIU,9.0,,,,,,,,,,,,,,
2020-01-30 09:31:56.292000000,Add Order,1580394716292000000,A,493505,S,5600.0,25.26,252600.0,XIU,9.0,,,,,,,,,,,,,,
2020-01-30 09:31:57.009000000,Add Order,1580394717009000000,A,493498,B,5600.0,25.17,251700.0,XIU,9.0,,,,,,,,,,,,,,
2020-01-30 09:31:57.308000000,Add Order,1580394717308000000,A,493497,S,5600.0,25.27,252700.0,XIU,9.0,,,,,,,,,,,,,,
2020-01-30 09:31:59.110000000,Add Order,1580394719110000000,A,493497,S,5600.0,25.23,252300.0,XIU,9.0,,,,,,,,,,,,,,
2020-01-30 09:31:59.751000000,Add Order,1580394719751000000,A,493505,S,5600.0,25.22,252200.0,XIU,9.0,,,,,,,,,,,,,,
2020-01-30 09:31:59.764000000,Add Order,1580394719764000000,A,493505,S,5600.0,25.26,252600.0,XIU,9.0,,,,,,,,,,,,,,
2020-01-30 09:31:59.765000000,Add Order,1580394719765000000,A,493505,S,5600.0,25.22,252200.0,XIU,9.0,,,,,,,,,,,,,,
2020-01-30 09:31:59.831000000,Add Order,1580394719831000000,A,493505,S,5600.0,25.26,252600.0,XIU,9.0,,,,,,,,,,,,,,
2020-01-30 09:32:00.213000000,Add Order,1580394720213000000,A,493505,S,5600.0,25.22,252200.0,XIU,9.0,,,,,,,,,,,,,,
2020-01-30 09:32:01.402000000,Add Order,1580394721402000000,A,493505,S,5600.0,25.26,252600.0,XIU,9.0,,,,,,,,,,,,,,
2020-01-30 09:32:01.408000000,Add Order,1580394721408000000,A,493505,S,5600.0,25.22,252200.0,XIU,9.0,,,,,,,,,,,,,,
2020-01-30 09:32:02.233000000,Add Order,1580394722233000000,A,493498,B,5600.0,25.13,251300.0,XIU,9.0,,,,,,,,,,,,,,
2020-01-30 09:32:02.234000000,Add Order,1580394722234000000,A,493498,B,5600.0,25.17,251700.0,XIU,9.0,,,,,,,,,,,,,,
2020-01-30 09:32:02.242000000,Add Order,1580394722242000000,A,493498,B,5600.0,25.13,251300.0,XIU,9.0,,,,,,,,,,,,,,
2020-01-30 09:32:02.244000000,Add Order,1580394722244000000,A,493498,B,5600.0,25.17,251700.0,XIU,9.0,,,,,,,,,,,,,,
2020-01-30 09:32:02.384000000,Add Order,1580394722384000000,A,493498,B,5600.0,25.13,251300.0,XIU,9.0,,,,,,,,,,,,,,
2020-01-30 09:32:02.396000000,Add Order,1580394722396000000,A,493498,B,5600.0,25.17,251700.0,XIU,9.0,,,,,,,,,,,,,,
2020-01-30 09:32:02.414000000,Add Order,1580394722414000000,A,493505,S,5600.0,25.26,252600.0,XIU,9.0,,,,,,,,,,,,,,
2020-01-30 09:32:02.516000000,Add Order,1580394722516000000,A,493498,B,5600.0,25.13,251300.0,XIU,9.0,,,,,,,,,,,,,,
2020-01-30 09:32:02.517000000,Add Order,1580394722517000000,A,493498,B,5600.0,25.17,251700.0,XIU,9.0,,,,,,,,,,,,,,
2020-01-30 09:32:02.523000000,Add Order,1580394722523000000,A,493498,B,5600.0,25.13,251300.0,XIU,9.0,,,,,,,,,,,,,,
2020-01-30 09:32:02.527000000,Add Order,1580394722527000000,A,493498,B,5600.0,25.17,251700.0,XIU,9.0,,,,,,,,,,,,,,
2020-01-30 09:32:02.531000000,Add Order,1580394722531000000,A,493498,B,5600.0,25.13,251300.0,XIU,9.0,,,,,,,,,,,,,,
2020-01-30 09:32:02.554000000,Add Order,1580394722554000000,A,493498,B,5600.0,25.17,251700.0,XIU,9.0,,,,,,,,,,,,,,
2020-01-30 09:32:02.557000000,Add Order,1580394722557000000,A,493498,B,5600.0,25.13,251300.0,XIU,9.0,,,,,,,,,,,,,,
2020-01-30 09:32:02.565000000,Add Order,1580394722565000000,A,493498,B,5600.0,25.17,251700.0,XIU,9.0,,,,,,,,,,,,,,
2020-01-30 09:32:02.608000000,Add Order,1580394722608000000,A,493498,B,5600.0,25.13,251300.0,XIU,9.0,,,,,,,,,,,,,,
2020-01-30 09:32:02.613000000,Add Order,1580394722613000000,A,493498,B,5600.0,25.17,251700.0,XIU,9.0,,,,,,,,,,,,,,
2020-01-30 09:32:02.639000000,Add Order,1580394722639000000,A,493498,B,5600.0,25.13,251300.0,XIU,9.0,,,,,,,,,,,,,,
2020-01-30 09:32:02.678000000,Add Order,1580394722678000000,A,493498,B,5600.0,25.17,251700.0,XIU,9.0,,,,,,,,,,,,,,
2020-01-30 09:32:05.694000000,Add Order,1580394725694000000,A,493505,S,5600.0,25.22,252200.0,XIU,9.0,,,,,,,,,,,,,,
2020-01-30 09:32:06.957000000,Add Order,1580394726957000000,A,493505,S,5600.0,25.26,252600.0,XIU,9.0,,,,,,,,,,,,,,
2020-01-30 09:32:08.036000000,Add Order,1580394728036000000,A,493505,S,5600.0,25.22,252200.0,XIU,9.0,,,,,,,,,,,,,,
2020-01-30 09:32:08.045000000,Add Order,1580394728045000000,A,493505,S,5600.0,25.26,252600.0,XIU,9.0,,,,,,,,,,,,,,
2020-01-30 09:32:10.429000000,Add Order,1580394730429000000,A,493505,S,5600.0,25.22,252200.0,XIU,9.0,,,,,,,,,,,,,,
2020-01-30 09:32:15.306000000,Add Order,1580394735306000000,A,493505,S,5600.0,25.26,252600.0,XIU,9.0,,,,,,,,,,,,,,
2020-01-30 09:32:15.538000000,Add Order,1580394735538000000,A,493505,S,5600.0,25.22,252200.0,XIU,9.0,,,,,,,,,,,,,,
2020-01-30 09:32:15.557000000,Add Order,1580394735557000000,A,493505,S,5600.0,25.26,252600.0,XIU,9.0,,,,,,,,,,,,,,
2020-01-30 09:32:15.559000000,Add Order,1580394735559000000,A,493505,S,5600.0,25.22,252200.0,XIU,9.0,,,,,,,,,,,,,,
2020-01-30 09:32:15.778000000,Add Order,1580394735778000000,A,493505,S,5600.0,25.26,252600.0,XIU,9.0,,,,,,,,,,,,,,
2020-01-30 09:32:16.058000000,Add Order,1580394736058000000,A,493505,S,5600.0,25.22,252200.0,XIU,9.0,,,,,,,,,,,,,,
2020-01-30 09:32:16.274000000,Add Order,1580394736274000000,A,493505,S,5600.0,25.26,252600.0,XIU,9.0,,,,,,,,,,,,,,
2020-01-30 09:32:16.382000000,Add Order,1580394736382000000,A,493505,S,5600.0,25.22,252200.0,XIU,9.0,,,,,,,,,,,,,,
2020-01-30 09:32:16.652000000,Add Order,1580394736652000000,A,493505,S,5600.0,25.26,252600.0,XIU,9.0,,,,,,,,,,,,,,
2020-01-30 09:32:16.716000000,Add Order,1580394736716000000,A,493505,S,5600.0,25.22,252200.0,XIU,9.0,,,,,,,,,,,,,,
2020-01-30 09:32:17.254000000,Add Order,1580394737254000000,A,493505,S,5600.0,25.26,252600.0,XIU,9.0,,,,,,,,,,,,,,
2020-01-30 09:32:17.637000000,Add Order,1580394737637000000,A,493505,S,5600.0,25.22,252200.0,XIU,9.0,,,,,,,,,,,,,,
2020-01-30 09:32:17.648000000,Add Order,1580394737648000000,A,493505,S,5600.0,25.26,252600.0,XIU,9.0,,,,,,,,,,,,,,
2020-01-30 09:32:17.743000000,Add Order,1580394737743000000,A,493505,S,5600.0,25.22,252200.0,XIU,9.0,,,,,,,,,,,,,,
2020-01-30 09:32:23.818000000,Add Order,1580394743818000000,A,493505,S,5600.0,25.26,252600.0,XIU,9.0,,,,,,,,,,,,,,
2020-01-30 09:32:23.925000000,Add Order,1580394743925000000,A,493505,S,5600.0,25.22,252200.0,XIU,9.0,,,,,,,,,,,,,,
2020-01-30 09:32:23.987000000,Add Order,1580394743987000000,A,493505,S,5600.0,25.26,252600.0,XIU,9.0,,,,,,,,,,,,,,
2020-01-30 09:32:24.445000000,Add Order,1580394744445000000,A,493497,S,5600.0,25.27,252700.0,XIU,9.0,,,,,,,,,,,,,,
2020-01-30 09:32:24.485000000,Add Order,1580394744485000000,A,493497,S,5600.0,25.23,252300.0,XIU,9.0,,,,,,,,,,,,,,
2020-01-30 09:32:24.572000000,Add Order,1580394744572000000,A,493497,S,5600.0,25.27,252700.0,XIU,9.0,,,,,,,,,,,,,,
2020-01-30 09:32:25.042000000,Add Order,1580394745042000000,A,493497,S,5600.0,25.23,252300.0,XIU,9.0,,,,,,,,,,,,,,
2020-01-30 09:32:29.203000000,Add Order,1580394749203000000,A,493505,S,5600.0,25.22,252200.0,XIU,9.0,,,,,,,,,,,,,,
2020-01-30 09:32:29.209000000,Add Order,1580394749209000000,A,493505,S,5600.0,25.26,252600.0,XIU,9.0,,,,,,,,,,,,,,
2020-01-30 09:32:29.349000000,Add Order,1580394749349000000,A,493505,S,5600.0,25.22,252200.0,XIU,9.0,,,,,,,,,,,,,,
2020-01-30 09:32:29.672000000,Add Order,1580394749672000000,A,493505,S,5600.0,25.26,252600.0,XIU,9.0,,,,,,,,,,,,,,
2020-01-30 09:32:29.933000000,Add Order,1580394749933000000,A,493505,S,5600.0,25.22,252200.0,XIU,9.0,,,,,,,,,,,,,,
2020-01-30 09:32:29.963000000,Add Order,1580394749963000000,A,493505,S,5600.0,25.26,252600.0,XIU,9.0,,,,,,,,,,,,,,
2020-01-30 09:32:29.979000000,Add Order,1580394749979000000,A,493505,S,5600.0,25.22,252200.0,XIU,9.0,,,,,,,,,,,,,,
2020-01-30 09:32:30.590000000,Add Order,1580394750590000000,A,493498,B,5600.0,25.13,251300.0,XIU,9.0,,,,,,,,,,,,,,
2020-01-30 09:32:30.592000000,Add Order,1580394750592000000,A,493498,B,5600.0,25.17,251700.0,XIU,9.0,,,,,,,,,,,,,,
2020-01-30 09:32:30.692000000,Add Order,1580394750692000000,A,493498,B,5600.0,25.13,251300.0,XIU,9.0,,,,,,,,,,,,,,
2020-01-30 09:32:30.695000000,Add Order,1580394750695000000,A,493498,B,5600.0,25.17,251700.0,XIU,9.0,,,,,,,,,,,,,,
2020-01-30 09:32:30.704000000,Add Order,1580394750704000000,A,493498,B,5600.0,25.13,251300.0,XIU,9.0,,,,,,,,,,,,,,
2020-01-30 09:32:30.711000000,Add Order,1580394750711000000,A,493498,B,5600.0,25.17,251700.0,XIU,9.0,,,,,,,,,,,,,,
2020-01-30 09:32:30.716000000,Add Order,1580394750716000000,A,493498,B,5600.0,25.13,251300.0,XIU,9.0,,,,,,,,,,,,,,
2020-01-30 09:32:30.744000000,Add Order,1580394750744000000,A,493498,B,5600.0,25.17,251700.0,XIU,9.0,,,,,,,,,,,,,,
2020-01-30 09:32:30.795000000,Add Order,1580394750795000000,A,493498,B,5600.0,25.13,251300.0,XIU,9.0,,,,,,,,,,,,,,
2020-01-30 09:32:30.895000000,Add Order,1580394750895000000,A,493498,B,5600.0,25.17,251700.0,XIU,9.0,,,,,,,,,,,,,,
2020-01-30 09:32:30.897000000,Add Order,1580394750897000000,A,493498,B,5600.0,25.13,251300.0,XIU,9.0,,,,,,,,,,,,,,
2020-01-30 09:32:32.839000000,Add Order,1580394752839000000,A,493498,B,5600.0,25.17,251700.0,XIU,9.0,,,,,,,,,,,,,,
2020-01-30 09:32:32.933000000,Add Order,1580394752933000000,A,493498,B,5600.0,25.13,251300.0,XIU,9.0,,,,,,,,,,,,,,
2020-01-30 09:32:32.947000000,Add Order,1580394752947000000,A,493498,B,5600.0,25.17,251700.0,XIU,9.0,,,,,,,,,,,,,,
2020-01-30 09:32:33.036000000,Add Order,1580394753036000000,A,493498,B,5600.0,25.13,251300.0,XIU,9.0,,,,,,,,,,,,,,
2020-01-30 09:32:33.037000000,Add Order,1580394753037000000,A,493498,B,5600.0,25.17,251700.0,XIU,9.0,,,,,,,,,,,,,,
2020-01-30 09:32:33.043000000,Add Order,1580394753043000000,A,493498,B,5600.0,25.13,251300.0,XIU,9.0,,,,,,,,,,,,,,
2020-01-30 09:32:33.135000000,Add Order,1580394753135000000,A,493498,B,5600.0,25.17,251700.0,XIU,9.0,,,,,,,,,,,,,,
2020-01-30 09:32:33.140000000,Add Order,1580394753140000000,A,493498,B,5600.0,25.13,251300.0,XIU,9.0,,,,,,,,,,,,,,
2020-01-30 09:32:33.236000000,Add Order,1580394753236000000,A,493498,B,5600.0,25.17,251700.0,XIU,9.0,,,,,,,,,,,,,,
2020-01-30 09:32:35.355000000,Add Order,1580394755355000000,A,493498,B,5600.0,25.13,251300.0,XIU,9.0,,,,,,,,,,,,,,
2020-01-30 09:32:35.356000000,Add Order,1580394755356000000,A,493498,B,5600.0,25.17,251700.0,XIU,9.0,,,,,,,,,,,,,,
2020-01-30 09:32:36.885000000,Add Order,1580394756885000000,A,493505,S,5600.0,25.26,252600.0,XIU,9.0,,,,,,,,,,,,,,
2020-01-30 09:32:36.890000000,Add Order,1580394756890000000,A,493505,S,5600.0,25.22,252200.0,XIU,9.0,,,,,,,,,,,,,,
2020-01-30 09:32:36.892000000,Add Order,1580394756892000000,A,493505,S,5600.0,25.26,252600.0,XIU,9.0,,,,,,,,,,,,,,
2020-01-30 09:32:36.905000000,Add Order,1580394756905000000,A,493498,B,5600.0,25.13,251300.0,XIU,9.0,,,,,,,,,,,,,,
2020-01-30 09:32:36.907000000,Add Order,1580394756907000000,A,493498,B,5600.0,25.17,251700.0,XIU,9.0,,,,,,,,,,,,,,
2020-01-30 09:32:37.018000000,Add Order,1580394757018000000,A,493498,B,5600.0,25.13,251300.0,XIU,9.0,,,,,,,,,,,,,,
2020-01-30 09:32:37.019000000,Add Order,1580394757019000000,A,493498,B,5600.0,25.17,251700.0,XIU,9.0,,,,,,,,,,,,,,
2020-01-30 09:32:37.044000000,Add Order,1580394757044000000,A,493505,S,5600.0,25.22,252200.0,XIU,9.0,,,,,,,,,,,,,,
2020-01-30 09:32:37.412000000,Add Order,1580394757412000000,A,493505,S,5600.0,25.26,252600.0,XIU,9.0,,,,,,,,,,,,,,
2020-01-30 09:32:37.412000000,Add Order,1580394757412000000,A,493505,S,5600.0,25.22,252200.0,XIU,9.0,,,,,,,,,,,,,,
2020-01-30 09:32:37.801000000,Add Order,1580394757801000000,A,493505,S,5600.0,25.26,252600.0,XIU,9.0,,,,,,,,,,,,,,
2020-01-30 09:32:37.805000000,Add Order,1580394757805000000,A,493505,S,5600.0,25.22,252200.0,XIU,9.0,,,,,,,,,,,,,,
2020-01-30 09:32:37.969000000,Add Order,1580394757969000000,A,493498,B,5600.0,25.13,251300.0,XIU,9.0,,,,,,,,,,,,,,
2020-01-30 09:32:37.975000000,Add Order,1580394757975000000,A,493498,B,5600.0,25.17,251700.0,XIU,9.0,,,,,,,,,,,,,,
2020-01-30 09:32:39.195000000,Add Order,1580394759195000000,A,493505,S,5600.0,25.26,252600.0,XIU,9.0,,,,,,,,,,,,,,
2020-01-30 09:32:39.340000000,Add Order,1580394759340000000,A,493505,S,5600.0,25.22,252200.0,XIU,9.0,,,,,,,,,,,,,,
2020-01-30 09:32:39.341000000,Add Order,1580394759341000000,A,493505,S,5600.0,25.26,252600.0,XIU,9.0,,,,,,,,,,,,,,
2020-01-30 09:32:39.360000000,Add Order,1580394759360000000,A,493505,S,5600.0,25.22,252200.0,XIU,9.0,,,,,,,,,,,,,,
2020-01-30 09:32:40.836000000,Add Order,1580394760836000000,A,493505,S,5600.0,25.26,252600.0,XIU,9.0,,,,,,,,,,,,,,
2020-01-30 09:32:40.836000000,Add Order,1580394760836000000,A,493505,S,5600.0,25.22,252200.0,XIU,9.0,,,,,,,,,,,,,,
2020-01-30 09:32:40.837000000,Add Order,1580394760837000000,A,493505,S,5600.0,25.26,252600.0,XIU,9.0,,,,,,,,,,,,,,
2020-01-30 09:32:40.980000000,Add Order,1580394760980000000,A,493505,S,5600.0,25.22,252200.0,XIU,9.0,,,,,,,,,,,,,,
2020-01-30 09:32:41.000000000,Add Order,1580394761000000000,A,493505,S,5600.0,25.26,252600.0,XIU,9.0,,,,,,,,,,,,,,
2020-01-30 09:32:41.084000000,Add Order,1580394761084000000,A,493505,S,5600.0,25.22,252200.0,XIU,9.0,,,,,,,,,,,,,,
2020-01-30 09:32:41.117000000,Add Order,1580394761117000000,A,493498,B,5600.0,25.13,251300.0,XIU,9.0,,,,,,,,,,,,,,
2020-01-30 09:32:41.122000000,Add Order,1580394761122000000,A,493498,B,5600.0,25.17,251700.0,XIU,9.0,,,,,,,,,,,,,,
2020-01-30 09:32:43.216000000,Add Order,1580394763216000000,A,493505,S,5600.0,25.26,252600.0,XIU,9.0,,,,,,,,,,,,,,
2020-01-30 09:32:43.913000000,Add Order,1580394763913000000,A,493505,S,5600.0,25.22,252200.0,XIU,9.0,,,,,,,,,,,,,,
2020-01-30 09:32:43.947000000,Add Order,1580394763947000000,A,493505,S,5600.0,25.26,252600.0,XIU,9.0,,,,,,,,,,,,,,
2020-01-30 09:32:44.631000000,Add Order,1580394764631000000,A,493505,S,5600.0,25.22,252200.0,XIU,9.0,,,,,,,,,,,,,,
2020-01-30 09:32:44.659000000,Add Order,1580394764659000000,A,493505,S,5600.0,25.26,252600.0,XIU,9.0,,,,,,,,,,,,,,
2020-01-30 09:32:46.682000000,Add Order,1580394766682000000,A,493505,S,5600.0,25.22,252200.0,XIU,9.0,,,,,,,,,,,,,,
2020-01-30 09:32:51.890000000,Add Order,1580394771890000000,A,493498,B,5600.0,25.13,251300.0,XIU,9.0,,,,,,,,,,,,,,
2020-01-30 09:32:51.901000000,Add Order,1580394771901000000,A,493498,B,5600.0,25.17,251700.0,XIU,9.0,,,,,,,,,,,,,,
2020-01-30 09:32:51.941000000,Add Order,1580394771941000000,A,493498,B,5600.0,25.13,251300.0,XIU,9.0,,,,,,,,,,,,,,
2020-01-30 09:32:51.943000000,Add Order,1580394771943000000,A,493498,B,5600.0,25.17,251700.0,XIU,9.0,,,,,,,,,,,,,,
2020-01-30 09:32:51.953000000,Add Order,1580394771953000000,A,493498,B,5600.0,25.13,251300.0,XIU,9.0,,,,,,,,,,,,,,
2020-01-30 09:32:52.531000000,Add Order,1580394772531000000,A,493501,S,5600.0,25.21,252100.0,XIU,9.0,,,,,,,,,,,,,,
2020-01-30 09:32:52.984000000,Add Order,1580394772984000000,A,493501,S,5600.0,25.25,252500.0,XIU,9.0,,,,,,,,,,,,,,
2020-01-30 09:32:54.169000000,Add Order,1580394774169000000,A,493501,S,5600.0,25.21,252100.0,XIU,9.0,,,,,,,,,,,,,,
2020-01-30 09:32:57.472000000,Add Order,1580394777472000000,A,493500,B,5600.0,25.12,251200.0,XIU,9.0,,,,,,,,,,,,,,
2020-01-30 09:32:57.515000000,Add Order,1580394777515000000,A,493501,S,5600.0,25.25,252500.0,XIU,9.0,,,,,,,,,,,,,,
2020-01-30 09:32:57.523000000,Add Order,1580394777523000000,A,493500,B,5600.0,25.16,251600.0,XIU,9.0,,,,,,,,,,,,,,
2020-01-30 09:32:57.871000000,Add Order,1580394777871000000,A,493501,S,5600.0,25.21,252100.0,XIU,9.0,,,,,,,,,,,,,,
2020-01-30 09:32:58.533000000,Add Order,1580394778533000000,A,493500,B,5600.0,25.12,251200.0,XIU,9.0,,,,,,,,,,,,,,
2020-01-30 09:32:58.536000000,Add Order,1580394778536000000,A,493500,B,5600.0,25.16,251600.0,XIU,9.0,,,,,,,,,,,,,,
2020-01-30 09:32:59.543000000,Add Order,1580394779543000000,A,493500,B,5600.0,25.12,251200.0,XIU,9.0,,,,,,,,,,,,,,
2020-01-30 09:32:59.545000000,Add Order,1580394779545000000,A,493500,B,5600.0,25.16,251600.0,XIU,9.0,,,,,,,,,,,,,,
2020-01-30 09:32:59.997000000,Add Order,1580394779997000000,A,493500,B,5600.0,25.12,251200.0,XIU,9.0,,,,,,,,,,,,,,
2020-01-30 09:33:00.511000000,Add Order,1580394780511000000,A,493499,S,5600.0,25.2,252000.0,XIU,9.0,,,,,,,,,,,,,,
2020-01-30 09:33:01.076000000,Add Order,1580394781076000000,A,493499,S,5600.0,25.24,252400.0,XIU,9.0,,,,,,,,,,,,,,
2020-01-30 09:33:01.435000000,Add Order,1580394781435000000,A,493499,S,5600.0,25.2,252000.0,XIU,9.0,,,,,,,,,,,,,,
2020-01-30 09:33:01.436000000,Add Order,1580394781436000000,A,493499,S,5600.0,25.24,252400.0,XIU,9.0,,,,,,,,,,,,,,
2020-01-30 09:33:01.508000000,Add Order,1580394781508000000,A,493499,S,5600.0,25.2,252000.0,XIU,9.0,,,,,,,,,,,,,,
2020-01-30 09:33:01.512000000,Add Order,1580394781512000000,A,493499,S,5600.0,25.24,252400.0,XIU,9.0,,,,,,,,,,,,,,
2020-01-30 09:33:01.562000000,Add Order,1580394781562000000,A,493504,B,5600.0,25.11,251100.0,XIU,9.0,,,,,,,,,,,,,,
2020-01-30 09:33:01.563000000,Add Order,1580394781563000000,A,493504,B,5600.0,25.15,251500.0,XIU,9.0,,,,,,,,,,,,,,
2020-01-30 09:33:01.826000000,Add Order,1580394781826000000,A,493499,S,5600.0,25.2,252000.0,XIU,9.0,,,,,,,,,,,,,,
2020-01-30 09:33:01.830000000,Add Order,1580394781830000000,A,493499,S,5600.0,25.24,252400.0,XIU,9.0,,,,,,,,,,,,,,
2020-01-30 09:33:02.569000000,Add Order,1580394782569000000,A,493504,B,5600.0,25.11,251100.0,XIU,9.0,,,,,,,,,,,,,,
2020-01-30 09:33:03.067000000,Add Order,1580394783067000000,A,493504,B,5600.0,25.15,251500.0,XIU,9.0,,,,,,,,,,,,,,
2020-01-30 09:33:09.627000000,Add Order,1580394789627000000,A,493504,B,5600.0,25.11,251100.0,XIU,9.0,,,,,,,,,,,,,,
2020-01-30 09:33:09.998000000,Add Order,1580394789998000000,A,493499,S,5600.0,25.2,252000.0,XIU,9.0,,,,,,,,,,,,,,
2020-01-30 09:33:10.604000000,Add Order,1580394790604000000,A,493499,S,5600.0,25.24,252400.0,XIU,9.0,,,,,,,,,,,,,,
2020-01-30 09:33:10.611000000,Add Order,1580394790611000000,A,493499,S,5600.0,25.2,252000.0,XIU,9.0,,,,,,,,,,,,,,
2020-01-30 09:33:12.354000000,Add Order,1580394792354000000,A,493499,S,5600.0,25.24,252400.0,XIU,9.0,,,,,,,,,,,,,,
2020-01-30 09:33:12.355000000,Add Order,1580394792355000000,A,493499,S,5600.0,25.2,252000.0,XIU,9.0,,,,,,,,,,,,,,
2020-01-30 09:33:14.845000000,Add Order,1580394794845000000,A,493497,S,5600.0,25.19,251900.0,XIU,9.0,,,,,,,,,,,,,,
2020-01-30 09:33:14.848000000,Add Order,1580394794848000000,A,493497,S,5600.0,25.23,252300.0,XIU,9.0,,,,,,,,,,,,,,
2020-01-30 09:33:14.851000000,Add Order,1580394794851000000,A,493497,S,5600.0,25.19,251900.0,XIU,9.0,,,,,,,,,,,,,,
2020-01-30 09:33:14.851000000,Add Order,1580394794851000000,A,493497,S,5600.0,25.23,252300.0,XIU,9.0,,,,,,,,,,,,,,
2020-01-30 09:33:14.852000000,Add Order,1580394794852000000,A,493497,S,5600.0,25.19,251900.0,XIU,9.0,,,,,,,,,,,,,,
2020-01-30 09:33:15.040000000,Add Order,1580394795040000000,A,493497,S,5600.0,25.23,252300.0,XIU,9.0,,,,,,,,,,,,,,
2020-01-30 09:33:15.041000000,Add Order,1580394795041000000,A,493497,S,5600.0,25.19,251900.0,XIU,9.0,,,,,,,,,,,,,,
2020-01-30 09:33:15.243000000,Add Order,1580394795243000000,A,493497,S,5600.0,25.23,252300.0,XIU,9.0,,,,,,,,,,,,,,
2020-01-30 09:33:16.412000000,Add Order,1580394796412000000,A,493497,S,5600.0,25.19,251900.0,XIU,9.0,,,,,,,,,,,,,,
2020-01-30 09:33:17.315000000,Add Order,1580394797315000000,A,493506,B,5600.0,25.1,251000.0,XIU,9.0,,,,,,,,,,,,,,
2020-01-30 09:33:17.319000000,Add Order,1580394797319000000,A,493506,B,5600.0,25.14,251400.0,XIU,9.0,,,,,,,,,,,,,,
2020-01-30 09:33:17.699000000,Add Order,1580394797699000000,A,493497,S,5600.0,25.23,252300.0,XIU,9.0,,,,,,,,,,,,,,
2020-01-30 09:33:17.701000000,Add Order,1580394797701000000,A,493497,S,5600.0,25.19,251900.0,XIU,9.0,,,,,,,,,,,,,,
2020-01-30 09:33:18.326000000,Add Order,1580394798326000000,A,493506,B,5600.0,25.1,251000.0,XIU,9.0,,,,,,,,,,,,,,
2020-01-30 09:33:18.329000000,Add Order,1580394798329000000,A,493506,B,5600.0,25.14,251400.0,XIU,9.0,,,,,,,,,,,,,,
2020-01-30 09:33:19.036000000,Add Order,1580394799036000000,A,493506,B,5600.0,25.1,251000.0,XIU,9.0,,,,,,,,,,,,,,
2020-01-30 09:33:20.500000000,Add Order,1580394800500000000,A,493497,S,5600.0,25.23,252300.0,XIU,9.0,,,,,,,,,,,,,,
2020-01-30 09:33:20.560000000,Add Order,1580394800560000000,A,493497,S,5600.0,25.19,251900.0,XIU,9.0,,,,,,,,,,,,,,
2020-01-30 09:33:20.561000000,Add Order,1580394800561000000,A,493497,S,5600.0,25.23,252300.0,XIU,9.0,,,,,,,,,,,,,,
2020-01-30 09:33:20.609000000,Add Order,1580394800609000000,A,493506,B,5600.0,25.14,251400.0,XIU,9.0,,,,,,,,,,,,,,
2020-01-30 09:33:20.628000000,Add Order,1580394800628000000,A,493506,B,5600.0,25.1,251000.0,XIU,9.0,,,,,,,,,,,,,,
2020-01-30 09:33:20.648000000,Add Order,1580394800648000000,A,493497,S,5600.0,25.19,251900.0,XIU,9.0,,,,,,,,,,,,,,
2020-01-30 09:33:20.681000000,Add Order,1580394800681000000,A,493506,B,5600.0,25.14,251400.0,XIU,9.0,,,,,,,,,,,,,,
2020-01-30 09:33:20.688000000,Add Order,1580394800688000000,A,493497,S,5600.0,25.23,252300.0,XIU,9.0,,,,,,,,,,,,,,
2020-01-30 09:33:20.707000000,Add Order,1580394800707000000,A,493497,S,5600.0,25.19,251900.0,XIU,9.0,,,,,,,,,,,,,,
2020-01-30 09:33:20.718000000,Add Order,1580394800718000000,A,493497,S,5600.0,25.23,252300.0,XIU,9.0,,,,,,,,,,,,,,
2020-01-30 09:33:20.807000000,Add Order,1580394800807000000,A,493497,S,5600.0,25.19,251900.0,XIU,9.0,,,,,,,,,,,,,,
2020-01-30 09:33:21.263000000,Add Order,1580394801263000000,A,493497,S,5600.0,25.23,252300.0,XIU,9.0,,,,,,,,,,,,,,
2020-01-30 09:33:22.640000000,Add Order,1580394802640000000,A,493497,S,5600.0,25.19,251900.0,XIU,9.0,,,,,,,,,,,,,,
2020-01-30 09:33:22.973000000,Add Order,1580394802973000000,A,493497,S,5600.0,25.23,252300.0,XIU,9.0,,,,,,,,,,,,,,
2020-01-30 09:33:23.136000000,Add Order,1580394803136000000,A,493497,S,5600.0,25.19,251900.0,XIU,9.0,,,,,,,,,,,,,,
2020-01-30 09:33:23.796000000,Add Order,1580394803796000000,A,493497,S,5600.0,25.23,252300.0,XIU,9.0,,,,,,,,,,,,,,
2020-01-30 09:33:26.375000000,Add Order,1580394806375000000,A,493504,B,5600.0,25.15,251500.0,XIU,9.0,,,,,,,,,,,,,,
2020-01-30 09:33:27.792000000,Add Order,1580394807792000000,A,493504,B,5600.0,25.11,251100.0,XIU,9.0,,,,,,,,,,,,,,
2020-01-30 09:33:27.793000000,Add Order,1580394807793000000,A,493499,S,5600.0,25.24,252400.0,XIU,9.0,,,,,,,,,,,,,,
2020-01-30 09:33:27.925000000,Add Order,1580394807925000000,A,493504,B,5600.0,25.15,251500.0,XIU,9.0,,,,,,,,,,,,,,
2020-01-30 09:33:27.925000000,Add Order,1580394807925000000,A,493499,S,5600.0,25.2,252000.0,XIU,9.0,,,,,,,,,,,,,,
2020-01-30 09:33:28.154000000,Add Order,1580394808154000000,A,493504,B,5600.0,25.11,251100.0,XIU,9.0,,,,,,,,,,,,,,
2020-01-30 09:33:28.167000000,Add Order,1580394808167000000,A,493504,B,5600.0,25.15,251500.0,XIU,9.0,,,,,,,,,,,,,,
2020-01-30 09:33:29.003000000,Add Order,1580394809003000000,A,493504,B,5600.0,25.11,251100.0,XIU,9.0,,,,,,,,,,,,,,
2020-01-30 09:33:29.004000000,Add Order,1580394809004000000,A,493504,B,5600.0,25.15,251500.0,XIU,9.0,,,,,,,,,,,,,,
2020-01-30 09:33:29.006000000,Add Order,1580394809006000000,A,493504,B,5600.0,25.11,251100.0,XIU,9.0,,,,,,,,,,,,,,
2020-01-30 09:33:29.067000000,Add Order,1580394809067000000,A,493504,B,5600.0,25.15,251500.0,XIU,9.0,,,,,,,,,,,,,,
2020-01-30 09:33:29.077000000,Add Order,1580394809077000000,A,493504,B,5600.0,25.11,251100.0,XIU,9.0,,,,,,,,,,,,,,
2020-01-30 09:33:29.224000000,Add Order,1580394809224000000,A,493504,B,5600.0,25.15,251500.0,XIU,9.0,,,,,,,,,,,,,,
2020-01-30 09:33:29.267000000,Add Order,1580394809267000000,A,493504,B,5600.0,25.11,251100.0,XIU,9.0,,,,,,,,,,,,,,
2020-01-30 09:33:29.303000000,Add Order,1580394809303000000,A,493504,B,5600.0,25.15,251500.0,XIU,9.0,,,,,,,,,,,,,,
2020-01-30 09:33:29.313000000,Add Order,1580394809313000000,A,493504,B,5600.0,25.11,251100.0,XIU,9.0,,,,,,,,,,,,,,
2020-01-30 09:33:29.319000000,Add Order,1580394809319000000,A,493504,B,5600.0,25.15,251500.0,XIU,9.0,,,,,,,,,,,,,,
2020-01-30 09:33:29.333000000,Add Order,1580394809333000000,A,493504,B,5600.0,25.11,251100.0,XIU,9.0,,,,,,,,,,,,,,
2020-01-30 09:33:29.465000000,Add Order,1580394809465000000,A,493504,B,5600.0,25.15,251500.0,XIU,9.0,,,,,,,,,,,,,,
2020-01-30 09:33:29.477000000,Add Order,1580394809477000000,A,493504,B,5600.0,25.11,251100.0,XIU,9.0,,,,,,,,,,,,,,
2020-01-30 09:33:29.870000000,Add Order,1580394809870000000,A,493504,B,5600.0,25.15,251500.0,XIU,9.0,,,,,,,,,,,,,,
2020-01-30 09:33:30.211000000,Add Order,1580394810211000000,A,493504,B,5600.0,25.11,251100.0,XIU,9.0,,,,,,,,,,,,,,
2020-01-30 09:33:30.234000000,Add Order,1580394810234000000,A,493504,B,5600.0,25.15,251500.0,XIU,9.0,,,,,,,,,,,,,,
2020-01-30 09:33:30.285000000,Add Order,1580394810285000000,A,493504,B,5600.0,25.11,251100.0,XIU,9.0,,,,,,,,,,,,,,
2020-01-30 09:33:30.293000000,Add Order,1580394810293000000,A,493504,B,5600.0,25.15,251500.0,XIU,9.0,,,,,,,,,,,,,,
2020-01-30 09:33:30.413000000,Add Order,1580394810413000000,A,493504,B,5600.0,25.11,251100.0,XIU,9.0,,,,,,,,,,,,,,
2020-01-30 09:33:30.445000000,Add Order,1580394810445000000,A,493504,B,5600.0,25.15,251500.0,XIU,9.0,,,,,,,,,,,,,,
2020-01-30 09:33:30.623000000,Add Order,1580394810623000000,A,493504,B,5600.0,25.11,251100.0,XIU,9.0,,,,,,,,,,,,,,
2020-01-30 09:33:30.739000000,Add Order,1580394810739000000,A,493504,B,5600.0,25.15,251500.0,XIU,9.0,,,,,,,,,,,,,,
2020-01-30 09:33:30.741000000,Add Order,1580394810741000000,A,493504,B,5600.0,25.11,251100.0,XIU,9.0,,,,,,,,,,,,,,
2020-01-30 09:33:30.774000000,Add Order,1580394810774000000,A,493504,B,5600.0,25.15,251500.0,XIU,9.0,,,,,,,,,,,,,,
2020-01-30 09:33:30.855000000,Add Order,1580394810855000000,A,493499,S,5600.0,25.24,252400.0,XIU,9.0,,,,,,,,,,,,,,
2020-01-30 09:33:32.033000000,Add Order,1580394812033000000,A,493499,S,5600.0,25.2,252000.0,XIU,9.0,,,,,,,,,,,,,,
2020-01-30 09:33:32.227000000,Add Order,1580394812227000000,A,493499,S,5600.0,25.24,252400.0,XIU,9.0,,,,,,,,,,,,,,
2020-01-30 09:33:32.228000000,Add Order,1580394812228000000,A,493499,S,5600.0,25.2,252000.0,XIU,9.0,,,,,,,,,,,,,,
2020-01-30 09:33:32.320000000,Add Order,1580394812320000000,A,493499,S,5600.0,25.24,252400.0,XIU,9.0,,,,,,,,,,,,,,
2020-01-30 09:33:32.332000000,Add Order,1580394812332000000,A,493499,S,5600.0,25.2,252000.0,XIU,9.0,,,,,,,,,,,,,,
2020-01-30 09:33:32.339000000,Add Order,1580394812339000000,A,493499,S,5600.0,25.24,252400.0,XIU,9.0,,,,,,,,,,,,,,
2020-01-30 09:33:32.341000000,Add Order,1580394812341000000,A,493499,S,5600.0,25.2,252000.0,XIU,9.0,,,,,,,,,,,,,,
2020-01-30 09:33:35.503000000,Add Order,1580394815503000000,A,493499,S,5600.0,25.24,252400.0,XIU,9.0,,,,,,,,,,,,,,
2020-01-30 09:33:37.347000000,Add Order,1580394817347000000,A,493500,B,5600.0,25.16,251600.0,XIU,9.0,,,,,,,,,,,,,,
2020-01-30 09:33:37.352000000,Add Order,1580394817352000000,A,493500,B,5600.0,25.12,251200.0,XIU,9.0,,,,,,,,,,,,,,
2020-01-30 09:33:37.366000000,Add Order,1580394817366000000,A,493500,B,5600.0,25.16,251600.0,XIU,9.0,,,,,,,,,,,,,,
2020-01-30 09:33:38.992000000,Add Order,1580394818992000000,A,493500,B,5600.0,25.12,251200.0,XIU,9.0,,,,,,,,,,,,,,
2020-01-30 09:33:39.112000000,Add Order,1580394819112000000,A,493500,B,5600.0,25.16,251600.0,XIU,9.0,,,,,,,,,,,,,,
2020-01-30 09:33:39.428000000,Add Order,1580394819428000000,A,493500,B,5600.0,25.12,251200.0,XIU,9.0,,,,,,,,,,,,,,
2020-01-30 09:33:39.430000000,Add Order,1580394819430000000,A,493500,B,5600.0,25.16,251600.0,XIU,9.0,,,,,,,,,,,,,,
2020-01-30 09:33:39.942000000,Add Order,1580394819942000000,A,493500,B,5600.0,25.12,251200.0,XIU,9.0,,,,,,,,,,,,,,
2020-01-30 09:33:39.973000000,Add Order,1580394819973000000,A,493500,B,5600.0,25.16,251600.0,XIU,9.0,,,,,,,,,,,,,,
2020-01-30 09:33:39.978000000,Add Order,1580394819978000000,A,493500,B,5600.0,25.12,251200.0,XIU,9.0,,,,,,,,,,,,,,
2020-01-30 09:33:40.981000000,Add Order,1580394820981000000,A,493500,B,5600.0,25.16,251600.0,XIU,9.0,,,,,,,,,,,,,,
2020-01-30 09:33:41.235000000,Add Order,1580394821235000000,A,493500,B,5600.0,25.12,251200.0,XIU,9.0,,,,,,,,,,,,,,
2020-01-30 09:33:41.322000000,Add Order,1580394821322000000,A,493500,B,5600.0,25.16,251600.0,XIU,9.0,,,,,,,,,,,,,,
2020-01-30 09:33:41.528000000,Add Order,1580394821528000000,A,493500,B,5600.0,25.12,251200.0,XIU,9.0,,,,,,,,,,,,,,
2020-01-30 09:33:43.466000000,Add Order,1580394823466000000,A,493499,S,5600.0,25.2,252000.0,XIU,9.0,,,,,,,,,,,,,,
2020-01-30 09:33:43.471000000,Add Order,1580394823471000000,A,493499,S,5600.0,25.24,252400.0,XIU,9.0,,,,,,,,,,,,,,
2020-01-30 09:33:43.478000000,Add Order,1580394823478000000,A,493499,S,5600.0,25.2,252000.0,XIU,9.0,,,,,,,,,,,,,,
2020-01-30 09:33:43.479000000,Add Order,1580394823479000000,A,493499,S,5600.0,25.24,252400.0,XIU,9.0,,,,,,,,,,,,,,
2020-01-30 09:33:43.483000000,Add Order,1580394823483000000,A,493499,S,5600.0,25.2,252000.0,XIU,9.0,,,,,,,,,,,,,,
2020-01-30 09:33:43.484000000,Add Order,1580394823484000000,A,493499,S,5600.0,25.24,252400.0,XIU,9.0,,,,,,,,,,,,,,
2020-01-30 09:33:43.490000000,Add Order,1580394823490000000,A,493499,S,5600.0,25.2,252000.0,XIU,9.0,,,,,,,,,,,,,,
2020-01-30 09:33:43.491000000,Add Order,1580394823491000000,A,493499,S,5600.0,25.24,252400.0,XIU,9.0,,,,,,,,,,,,,,
2020-01-30 09:33:43.498000000,Add Order,1580394823498000000,A,493499,S,5600.0,25.2,252000.0,XIU,9.0,,,,,,,,,,,,,,
2020-01-30 09:33:43.965000000,Add Order,1580394823965000000,A,493499,S,5600.0,25.24,252400.0,XIU,9.0,,,,,,,,,,,,,,
2020-01-30 09:33:45.342000000,Add Order,1580394825342000000,A,493499,S,5600.0,25.2,252000.0,XIU,9.0,,,,,,,,,,,,,,
2020-01-30 09:33:46.950000000,Add Order,1580394826950000000,A,493499,S,5600.0,25.24,252400.0,XIU,9.0,,,,,,,,,,,,,,
2020-01-30 09:33:46.977000000,Add Order,1580394826977000000,A,493499,S,5600.0,25.2,252000.0,XIU,9.0,,,,,,,,,,,,,,
2020-01-30 09:33:47.028000000,Add Order,1580394827028000000,A,493499,S,5600.0,25.24,252400.0,XIU,9.0,,,,,,,,,,,,,,
2020-01-30 09:33:47.029000000,Add Order,1580394827029000000,A,493499,S,5600.0,25.2,252000.0,XIU,9.0,,,,,,,,,,,,,,
2020-01-30 09:33:52.756000000,Add Order,1580394832756000000,A,493500,B,5600.0,25.16,251600.0,XIU,9.0,,,,,,,,,,,,,,
2020-01-30 09:33:52.882000000,Add Order,1580394832882000000,A,493499,S,5600.0,25.24,252400.0,XIU,9.0,,,,,,,,,,,,,,
2020-01-30 09:33:55.042000000,Add Order,1580394835042000000,A,493500,B,5600.0,25.12,251200.0,XIU,9.0,,,,,,,,,,,,,,
2020-01-30 09:33:55.044000000,Add Order,1580394835044000000,A,493500,B,5600.0,25.16,251600.0,XIU,9.0,,,,,,,,,,,,,,
2020-01-30 09:33:56.024000000,Add Order,1580394836024000000,A,493500,B,5600.0,25.12,251200.0,XIU,9.0,,,,,,,,,,,,,,
2020-01-30 09:33:57.760000000,Add Order,1580394837760000000,A,493499,S,5600.0,25.2,252000.0,XIU,9.0,,,,,,,,,,,,,,
2020-01-30 09:33:57.778000000,Add Order,1580394837778000000,A,493499,S,5600.0,25.24,252400.0,XIU,9.0,,,,,,,,,,,,,,
2020-01-30 09:33:57.784000000,Add Order,1580394837784000000,A,493499,S,5600.0,25.2,252000.0,XIU,9.0,,,,,,,,,,,,,,
2020-01-30 09:33:57.804000000,Add Order,1580394837804000000,A,493499,S,5600.0,25.24,252400.0,XIU,9.0,,,,,,,,,,,,,,
2020-01-30 09:33:57.805000000,Add Order,1580394837805000000,A,493499,S,5600.0,25.2,252000.0,XIU,9.0,,,,,,,,,,,,,,
2020-01-30 09:33:57.995000000,Add Order,1580394837995000000,A,493499,S,5600.0,25.24,252400.0,XIU,9.0,,,,,,,,,,,,,,
2020-01-30 09:33:58.062000000,Add Order,1580394838062000000,A,493499,S,5600.0,25.2,252000.0,XIU,9.0,,,,,,,,,,,,,,
2020-01-30 09:33:58.066000000,Add Order,1580394838066000000,A,493499,S,5600.0,25.24,252400.0,XIU,9.0,,,,,,,,,,,,,,
2020-01-30 09:33:58.068000000,Add Order,1580394838068000000,A,493499,S,5600.0,25.2,252000.0,XIU,9.0,,,,,,,,,,,,,,
2020-01-30 09:33:58.071000000,Add Order,1580394838071000000,A,493499,S,5600.0,25.24,252400.0,XIU,9.0,,,,,,,,,,,,,,
2020-01-30 09:33:58.074000000,Add Order,1580394838074000000,A,493499,S,5600.0,25.2,252000.0,XIU,9.0,,,,,,,,,,,,,,
2020-01-30 09:33:58.083000000,Add Order,1580394838083000000,A,493499,S,5600.0,25.24,252400.0,XIU,9.0,,,,,,,,,,,,,,
2020-01-30 09:33:58.085000000,Add Order,1580394838085000000,A,493499,S,5600.0,25.2,252000.0,XIU,9.0,,,,,,,,,,,,,,
2020-01-30 09:33:58.093000000,Add Order,1580394838093000000,A,493499,S,5600.0,25.24,252400.0,XIU,9.0,,,,,,,,,,,,,,
2020-01-30 09:33:58.096000000,Add Order,1580394838096000000,A,493499,S,5600.0,25.2,252000.0,XIU,9.0,,,,,,,,,,,,,,
2020-01-30 09:33:58.263000000,Add Order,1580394838263000000,A,493499,S,5600.0,25.24,252400.0,XIU,9.0,,,,,,,,,,,,,,
2020-01-30 09:33:58.625000000,Add Order,1580394838625000000,A,493499,S,5600.0,25.2,252000.0,XIU,9.0,,,,,,,,,,,,,,
2020-01-30 09:34:10.076000000,Add Order,1580394850076000000,A,493497,S,5600.0,25.19,251900.0,XIU,9.0,,,,,,,,,,,,,,
2020-01-30 09:34:10.082000000,Add Order,1580394850082000000,A,493497,S,5600.0,25.23,252300.0,XIU,9.0,,,,,,,,,,,,,,
2020-01-30 09:34:10.089000000,Add Order,1580394850089000000,A,493497,S,5600.0,25.19,251900.0,XIU,9.0,,,,,,,,,,,,,,
2020-01-30 09:34:10.140000000,Add Order,1580394850140000000,A,493497,S,5600.0,25.23,252300.0,XIU,9.0,,,,,,,,,,,,,,
2020-01-30 09:34:10.140000000,Add Order,1580394850140000000,A,493497,S,5600.0,25.19,251900.0,XIU,9.0,,,,,,,,,,,,,,
2020-01-30 09:34:10.143000000,Add Order,1580394850143000000,A,493497,S,5600.0,25.23,252300.0,XIU,9.0,,,,,,,,,,,,,,
2020-01-30 09:34:10.145000000,Add Order,1580394850145000000,A,493497,S,5600.0,25.19,251900.0,XIU,9.0,,,,,,,,,,,,,,
2020-01-30 09:34:10.157000000,Add Order,1580394850157000000,A,493497,S,5600.0,25.23,252300.0,XIU,9.0,,,,,,,,,,,,,,
2020-01-30 09:34:10.158000000,Add Order,1580394850158000000,A,493497,S,5600.0,25.19,251900.0,XIU,9.0,,,,,,,,,,,,,,
2020-01-30 09:34:10.199000000,Add Order,1580394850199000000,A,493504,B,5600.0,25.11,251100.0,XIU,9.0,,,,,,,,,,,,,,
2020-01-30 09:34:10.237000000,Add Order,1580394850237000000,A,493504,B,5600.0,25.15,251500.0,XIU,9.0,,,,,,,,,,,,,,
2020-01-30 09:34:10.544000000,Add Order,1580394850544000000,A,493504,B,5600.0,25.11,251100.0,XIU,9.0,,,,,,,,,,,,,,
2020-01-30 09:34:10.545000000,Add Order,1580394850545000000,A,493504,B,5600.0,25.15,251500.0,XIU,9.0,,,,,,,,,,,,,,
2020-01-30 09:34:10.644000000,Add Order,1580394850644000000,A,493504,B,5600.0,25.11,251100.0,XIU,9.0,,,,,,,,,,,,,,
2020-01-30 09:34:10.645000000,Add Order,1580394850645000000,A,493504,B,5600.0,25.15,251500.0,XIU,9.0,,,,,,,,,,,,,,
2020-01-30 09:34:10.656000000,Add Order,1580394850656000000,A,493504,B,5600.0,25.11,251100.0,XIU,9.0,,,,,,,,,,,,,,
2020-01-30 09:34:15.104000000,Add Order,1580394855104000000,A,493505,S,5600.0,25.18,251800.0,XIU,9.0,,,,,,,,,,,,,,
2020-01-30 09:34:15.105000000,Add Order,1580394855105000000,A,493505,S,5600.0,25.22,252200.0,XIU,9.0,,,,,,,,,,,,,,
2020-01-30 09:34:18.446000000,Add Order,1580394858446000000,A,493506,B,5600.0,25.1,251000.0,XIU,9.0,,,,,,,,,,,,,,
2020-01-30 09:34:18.448000000,Add Order,1580394858448000000,A,493506,B,5600.0,25.14,251400.0,XIU,9.0,,,,,,,,,,,,,,
2020-01-30 09:34:23.537000000,Add Order,1580394863537000000,A,493504,B,5600.0,25.15,251500.0,XIU,9.0,,,,,,,,,,,,,,
2020-01-30 09:34:23.569000000,Add Order,1580394863569000000,A,493504,B,5600.0,25.11,251100.0,XIU,9.0,,,,,,,,,,,,,,
2020-01-30 09:34:23.571000000,Add Order,1580394863571000000,A,493504,B,5600.0,25.15,251500.0,XIU,9.0,,,,,,,,,,,,,,
2020-01-30 09:34:23.598000000,Add Order,1580394863598000000,A,493504,B,5600.0,25.11,251100.0,XIU,9.0,,,,,,,,,,,,,,
2020-01-30 09:34:23.644000000,Add Order,1580394863644000000,A,493504,B,5600.0,25.15,251500.0,XIU,9.0,,,,,,,,,,,,,,
2020-01-30 09:34:23.818000000,Add Order,1580394863818000000,A,493497,S,5600.0,25.23,252300.0,XIU,9.0,,,,,,,,,,,,,,
2020-01-30 09:34:23.849000000,Add Order,1580394863849000000,A,493497,S,5600.0,25.19,251900.0,XIU,9.0,,,,,,,,,,,,,,
2020-01-30 09:34:23.853000000,Add Order,1580394863853000000,A,493497,S,5600.0,25.23,252300.0,XIU,9.0,,,,,,,,,,,,,,
2020-01-30 09:34:23.888000000,Add Order,1580394863888000000,A,493497,S,5600.0,25.19,251900.0,XIU,9.0,,,,,,,,,,,,,,
2020-01-30 09:34:23.923000000,Add Order,1580394863923000000,A,493497,S,5600.0,25.23,252300.0,XIU,9.0,,,,,,,,,,,,,,
2020-01-30 09:34:23.926000000,Add Order,1580394863926000000,A,493497,S,5600.0,25.19,251900.0,XIU,9.0,,,,,,,,,,,,,,
2020-01-30 09:34:23.943000000,Add Order,1580394863943000000,A,493497,S,5600.0,25.23,252300.0,XIU,9.0,,,,,,,,,,,,,,
2020-01-30 09:34:24.224000000,Add Order,1580394864224000000,A,493497,S,5600.0,25.19,251900.0,XIU,9.0,,,,,,,,,,,,,,
2020-01-30 09:34:24.226000000,Add Order,1580394864226000000,A,493497,S,5600.0,25.23,252300.0,XIU,9.0,,,,,,,,,,,,,,
2020-01-30 09:34:24.403000000,Add Order,1580394864403000000,A,493497,S,5600.0,25.19,251900.0,XIU,9.0,,,,,,,,,,,,,,
2020-01-30 09:34:31.619000000,Add Order,1580394871619000000,A,493504,B,5600.0,25.11,251100.0,XIU,9.0,,,,,,,,,,,,,,
2020-01-30 09:34:34.329000000,Add Order,1580394874329000000,A,493497,S,5600.0,25.23,252300.0,XIU,9.0,,,,,,,,,,,,,,
2020-01-30 09:34:34.655000000,Add Order,1580394874655000000,A,493497,S,5600.0,25.19,251900.0,XIU,9.0,,,,,,,,,,,,,,
2020-01-30 09:34:38.726000000,Add Order,1580394878726000000,A,493497,S,5600.0,25.23,252300.0,XIU,9.0,,,,,,,,,,,,,,
2020-01-30 09:34:38.732000000,Add Order,1580394878732000000,A,493497,S,5600.0,25.19,251900.0,XIU,9.0,,,,,,,,,,,,,,
2020-01-30 09:34:38.737000000,Add Order,1580394878737000000,A,493497,S,5600.0,25.23,252300.0,XIU,9.0,,,,,,,,,,,,,,
2020-01-30 09:34:38.737000000,Add Order,1580394878737000000,A,493497,S,5600.0,25.19,251900.0,XIU,9.0,,,,,,,,,,,,,,
2020-01-30 09:34:38.739000000,Add Order,1580394878739000000,A,493497,S,5600.0,25.23,252300.0,XIU,9.0,,,,,,,,,,,,,,
2020-01-30 09:34:38.793000000,Add Order,1580394878793000000,A,493497,S,5600.0,25.19,251900.0,XIU,9.0,,,,,,,,,,,,,,
2020-01-30 09:34:38.794000000,Add Order,1580394878794000000,A,493497,S,5600.0,25.23,252300.0,XIU,9.0,,,,,,,,,,,,,,
2020-01-30 09:34:38.795000000,Add Order,1580394878795000000,A,493497,S,5600.0,25.19,251900.0,XIU,9.0,,,,,,,,,,,,,,
2020-01-30 09:34:39.098000000,Add Order,1580394879098000000,A,493497,S,5600.0,25.23,252300.0,XIU,9.0,,,,,,,,,,,,,,
2020-01-30 09:34:39.121000000,Add Order,1580394879121000000,A,493497,S,5600.0,25.19,251900.0,XIU,9.0,,,,,,,,,,,,,,
2020-01-30 09:34:39.126000000,Add Order,1580394879126000000,A,493497,S,5600.0,25.23,252300.0,XIU,9.0,,,,,,,,,,,,,,
2020-01-30 09:34:39.162000000,Add Order,1580394879162000000,A,493497,S,5600.0,25.19,251900.0,XIU,9.0,,,,,,,,,,,,,,
2020-01-30 09:34:46.944000000,Add Order,1580394886944000000,A,493506,B,5600.0,25.1,251000.0,XIU,9.0,,,,,,,,,,,,,,
2020-01-30 09:34:49.145000000,Add Order,1580394889145000000,A,493506,B,5600.0,25.14,251400.0,XIU,9.0,,,,,,,,,,,,,,
2020-01-30 09:34:49.771000000,Add Order,1580394889771000000,A,493505,S,5600.0,25.18,251800.0,XIU,9.0,,,,,,,,,,,,,,
2020-01-30 09:34:50.389000000,Add Order,1580394890389000000,A,493505,S,5600.0,25.22,252200.0,XIU,9.0,,,,,,,,,,,,,,
2020-01-30 09:34:50.393000000,Add Order,1580394890393000000,A,493505,S,5600.0,25.18,251800.0,XIU,9.0,,,,,,,,,,,,,,
2020-01-30 09:34:50.395000000,Add Order,1580394890395000000,A,493505,S,5600.0,25.22,252200.0,XIU,9.0,,,,,,,,,,,,,,
2020-01-30 09:34:50.640000000,Add Order,1580394890640000000,A,493505,S,5600.0,25.18,251800.0,XIU,9.0,,,,,,,,,,,,,,
2020-01-30 09:34:50.642000000,Add Order,1580394890642000000,A,493505,S,5600.0,25.22,252200.0,XIU,9.0,,,,,,,,,,,,,,
2020-01-30 09:34:50.831000000,Add Order,1580394890831000000,A,493505,S,5600.0,25.18,251800.0,XIU,9.0,,,,,,,,,,,,,,
2020-01-30 09:34:53.864000000,Add Order,1580394893864000000,A,493506,B,5600.0,25.1,251000.0,XIU,9.0,,,,,,,,,,,,,,
2020-01-30 09:35:00.714000000,Add Order,1580394900714000000,A,493501,S,5600.0,25.17,251700.0,XIU,9.0,,,,,,,,,,,,,,
2020-01-30 09:35:00.717000000,Add Order,1580394900717000000,A,493501,S,5600.0,25.21,252100.0,XIU,9.0,,,,,,,,,,,,,,
2020-01-30 09:35:00.721000000,Add Order,1580394900721000000,A,493501,S,5600.0,25.17,251700.0,XIU,9.0,,,,,,,,,,,,,,
2020-01-30 09:35:00.791000000,Add Order,1580394900791000000,A,493501,S,5600.0,25.21,252100.0,XIU,9.0,,,,,,,,,,,,,,
2020-01-30 09:35:00.794000000,Add Order,1580394900794000000,A,493501,S,5600.0,25.17,251700.0,XIU,9.0,,,,,,,,,,,,,,
2020-01-30 09:35:01.016000000,Add Order,1580394901016000000,A,493501,S,5600.0,25.21,252100.0,XIU,9.0,,,,,,,,,,,,,,
2020-01-30 09:35:01.071000000,Add Order,1580394901071000000,A,493501,S,5600.0,25.17,251700.0,XIU,9.0,,,,,,,,,,,,,,
2020-01-30 09:35:01.078000000,Add Order,1580394901078000000,A,493501,S,5600.0,25.21,252100.0,XIU,9.0,,,,,,,,,,,,,,
2020-01-30 09:35:01.103000000,Add Order,1580394901103000000,A,493501,S,5600.0,25.17,251700.0,XIU,9.0,,,,,,,,,,,,,,
2020-01-30 09:35:01.488000000,Add Order,1580394901488000000,A,493498,B,5600.0,25.09,250900.0,XIU,9.0,,,,,,,,,,,,,,
2020-01-30 09:35:01.489000000,Add Order,1580394901489000000,A,493501,S,5600.0,25.21,252100.0,XIU,9.0,,,,,,,,,,,,,,
2020-01-30 09:35:01.612000000,Add Order,1580394901612000000,A,493498,B,5600.0,25.13,251300.0,XIU,9.0,,,,,,,,,,,,,,
2020-01-30 09:35:01.613000000,Add Order,1580394901613000000,A,493501,S,5600.0,25.17,251700.0,XIU,9.0,,,,,,,,,,,,,,
2020-01-30 09:35:04.814000000,Add Order,1580394904814000000,A,493499,S,5600.0,25.16,251600.0,XIU,9.0,,,,,,,,,,,,,,
2020-01-30 09:35:04.818000000,Add Order,1580394904818000000,A,493498,B,5600.0,25.09,250900.0,XIU,9.0,,,,,,,,,,,,,,
2020-01-30 09:35:05.507000000,Add Order,1580394905507000000,A,493499,S,5600.0,25.2,252000.0,XIU,9.0,,,,,,,,,,,,,,
2020-01-30 09:35:05.508000000,Add Order,1580394905508000000,A,493498,B,5600.0,25.13,251300.0,XIU,9.0,,,,,,,,,,,,,,
2020-01-30 09:35:05.525000000,Add Order,1580394905525000000,A,493498,B,5600.0,25.09,250900.0,XIU,9.0,,,,,,,,,,,,,,
2020-01-30 09:35:05.528000000,Add Order,1580394905528000000,A,493498,B,5600.0,25.13,251300.0,XIU,9.0,,,,,,,,,,,,,,
2020-01-30 09:35:05.529000000,Add Order,1580394905529000000,A,493499,S,5600.0,25.16,251600.0,XIU,9.0,,,,,,,,,,,,,,
2020-01-30 09:35:05.531000000,Add Order,1580394905531000000,A,493498,B,5600.0,25.09,250900.0,XIU,9.0,,,,,,,,,,,,,,
2020-01-30 09:35:05.569000000,Add Order,1580394905569000000,A,493499,S,5600.0,25.2,252000.0,XIU,9.0,,,,,,,,,,,,,,
2020-01-30 09:35:05.595000000,Add Order,1580394905595000000,A,493498,B,5600.0,25.13,251300.0,XIU,9.0,,,,,,,,,,,,,,
2020-01-30 09:35:05.652000000,Add Order,1580394905652000000,A,493499,S,5600.0,25.16,251600.0,XIU,9.0,,,,,,,,,,,,,,
2020-01-30 09:35:05.658000000,Add Order,1580394905658000000,A,493499,S,5600.0,25.2,252000.0,XIU,9.0,,,,,,,,,,,,,,
2020-01-30 09:35:06.548000000,Add Order,1580394906548000000,A,493499,S,5600.0,25.16,251600.0,XIU,9.0,,,,,,,,,,,,,,
2020-01-30 09:35:06.669000000,Add Order,1580394906669000000,A,493498,B,5600.0,25.09,250900.0,XIU,9.0,,,,,,,,,,,,,,
2020-01-30 09:35:09.336000000,Add Order,1580394909336000000,A,493497,S,5600.0,25.15,251500.0,XIU,9.0,,,,,,,,,,,,,,
2020-01-30 09:35:09.351000000,Add Order,1580394909351000000,A,493497,S,5600.0,25.19,251900.0,XIU,9.0,,,,,,,,,,,,,,
2020-01-30 09:35:09.353000000,Add Order,1580394909353000000,A,493497,S,5600.0,25.15,251500.0,XIU,9.0,,,,,,,,,,,,,,
2020-01-30 09:35:09.354000000,Add Order,1580394909354000000,A,493497,S,5600.0,25.19,251900.0,XIU,9.0,,,,,,,,,,,,,,
2020-01-30 09:35:09.355000000,Add Order,1580394909355000000,A,493497,S,5600.0,25.15,251500.0,XIU,9.0,,,,,,,,,,,,,,
2020-01-30 09:35:09.828000000,Add Order,1580394909828000000,A,493500,B,5600.0,25.08,250800.0,XIU,9.0,,,,,,,,,,,,,,
2020-01-30 09:35:13.776000000,Add Order,1580394913776000000,A,493500,B,5600.0,25.12,251200.0,XIU,9.0,,,,,,,,,,,,,,
2020-01-30 09:35:14.001000000,Add Order,1580394914001000000,A,493500,B,5600.0,25.08,250800.0,XIU,9.0,,,,,,,,,,,,,,
2020-01-30 09:35:14.834000000,Add Order,1580394914834000000,A,493497,S,5600.0,25.19,251900.0,XIU,9.0,,,,,,,,,,,,,,
2020-01-30 09:35:14.838000000,Add Order,1580394914838000000,A,493497,S,5600.0,25.15,251500.0,XIU,9.0,,,,,,,,,,,,,,
2020-01-30 09:35:14.849000000,Add Order,1580394914849000000,A,493497,S,5600.0,25.19,251900.0,XIU,9.0,,,,,,,,,,,,,,
2020-01-30 09:35:14.859000000,Add Order,1580394914859000000,A,493497,S,5600.0,25.15,251500.0,XIU,9.0,,,,,,,,,,,,,,
2020-01-30 09:35:14.872000000,Add Order,1580394914872000000,A,493497,S,5600.0,25.19,251900.0,XIU,9.0,,,,,,,,,,,,,,
2020-01-30 09:35:14.909000000,Add Order,1580394914909000000,A,493497,S,5600.0,25.15,251500.0,XIU,9.0,,,,,,,,,,,,,,
2020-01-30 09:35:15.075000000,Add Order,1580394915075000000,A,493497,S,5600.0,25.19,251900.0,XIU,9.0,,,,,,,,,,,,,,
2020-01-30 09:35:15.076000000,Add Order,1580394915076000000,A,493497,S,5600.0,25.15,251500.0,XIU,9.0,,,,,,,,,,,,,,
2020-01-30 09:35:16.300000000,Add Order,1580394916300000000,A,493497,S,5600.0,25.19,251900.0,XIU,9.0,,,,,,,,,,,,,,
2020-01-30 09:35:20.466000000,Add Order,1580394920466000000,A,493500,B,5600.0,25.12,251200.0,XIU,9.0,,,,,,,,,,,,,,
2020-01-30 09:35:20.468000000,Add Order,1580394920468000000,A,493500,B,5600.0,25.08,250800.0,XIU,9.0,,,,,,,,,,,,,,
2020-01-30 09:35:20.469000000,Add Order,1580394920469000000,A,493500,B,5600.0,25.12,251200.0,XIU,9.0,,,,,,,,,,,,,,
2020-01-30 09:35:20.477000000,Add Order,1580394920477000000,A,493500,B,5600.0,25.08,250800.0,XIU,9.0,,,,,,,,,,,,,,
2020-01-30 09:35:20.546000000,Add Order,1580394920546000000,A,493500,B,5600.0,25.12,251200.0,XIU,9.0,,,,,,,,,,,,,,
2020-01-30 09:35:20.627000000,Add Order,1580394920627000000,A,493500,B,5600.0,25.08,250800.0,XIU,9.0,,,,,,,,,,,,,,
2020-01-30 09:35:20.715000000,Add Order,1580394920715000000,A,493500,B,5600.0,25.12,251200.0,XIU,9.0,,,,,,,,,,,,,,
2020-01-30 09:35:21.066000000,Add Order,1580394921066000000,A,493499,S,5600.0,25.2,252000.0,XIU,9.0,,,,,,,,,,,,,,
2020-01-30 09:35:28.026000000,Add Order,1580394928026000000,A,493501,S,5600.0,25.21,252100.0,XIU,9.0,,,,,,,,,,,,,,
2020-01-30 09:35:28.091000000,Add Order,1580394928091000000,A,493501,S,5600.0,25.17,251700.0,XIU,9.0,,,,,,,,,,,,,,
2020-01-30 09:35:28.520000000,Add Order,1580394928520000000,A,493501,S,5600.0,25.21,252100.0,XIU,9.0,,,,,,,,,,,,,,
2020-01-30 09:35:28.522000000,Add Order,1580394928522000000,A,493501,S,5600.0,25.17,251700.0,XIU,9.0,,,,,,,,,,,,,,
2020-01-30 09:35:28.545000000,Add Order,1580394928545000000,A,493501,S,5600.0,25.21,252100.0,XIU,9.0,,,,,,,,,,,,,,
2020-01-30 09:35:28.591000000,Add Order,1580394928591000000,A,493501,S,5600.0,25.17,251700.0,XIU,9.0,,,,,,,,,,,,,,
2020-01-30 09:35:28.939000000,Add Order,1580394928939000000,A,493501,S,5600.0,25.21,252100.0,XIU,9.0,,,,,,,,,,,,,,
2020-01-30 09:35:28.973000000,Add Order,1580394928973000000,A,493501,S,5600.0,25.17,251700.0,XIU,9.0,,,,,,,,,,,,,,
2020-01-30 09:35:28.974000000,Add Order,1580394928974000000,A,493501,S,5600.0,25.21,252100.0,XIU,9.0,,,,,,,,,,,,,,
2020-01-30 09:35:31.688000000,Add Order,1580394931688000000,A,493498,B,5600.0,25.13,251300.0,XIU,9.0,,,,,,,,,,,,,,
2020-01-30 09:35:31.866000000,Add Order,1580394931866000000,A,493498,B,5600.0,25.09,250900.0,XIU,9.0,,,,,,,,,,,,,,
2020-01-30 09:35:31.867000000,Add Order,1580394931867000000,A,493505,S,5600.0,25.22,252200.0,XIU,9.0,,,,,,,,,,,,,,
2020-01-30 09:35:31.989000000,Add Order,1580394931989000000,A,493498,B,5600.0,25.13,251300.0,XIU,9.0,,,,,,,,,,,,,,
2020-01-30 09:35:31.990000000,Add Order,1580394931990000000,A,493505,S,5600.0,25.18,251800.0,XIU,9.0,,,,,,,,,,,,,,
2020-01-30 09:35:33.608000000,Add Order,1580394933608000000,A,493505,S,5600.0,25.22,252200.0,XIU,9.0,,,,,,,,,,,,,,
2020-01-30 09:35:33.716000000,Add Order,1580394933716000000,A,493505,S,5600.0,25.18,251800.0,XIU,9.0,,,,,,,,,,,,,,
2020-01-30 09:35:33.721000000,Add Order,1580394933721000000,A,493505,S,5600.0,25.22,252200.0,XIU,9.0,,,,,,,,,,,,,,
2020-01-30 09:35:33.731000000,Add Order,1580394933731000000,A,493505,S,5600.0,25.18,251800.0,XIU,9.0,,,,,,,,,,,,,,
2020-01-30 09:35:40.228000000,Add Order,1580394940228000000,A,493505,S,5600.0,25.22,252200.0,XIU,9.0,,,,,,,,,,,,,,
2020-01-30 09:35:40.229000000,Add Order,1580394940229000000,A,493505,S,5600.0,25.18,251800.0,XIU,9.0,,,,,,,,,,,,,,
2020-01-30 09:35:40.248000000,Add Order,1580394940248000000,A,493505,S,5600.0,25.22,252200.0,XIU,9.0,,,,,,,,,,,,,,
2020-01-30 09:35:40.434000000,Add Order,1580394940434000000,A,493505,S,5600.0,25.18,251800.0,XIU,9.0,,,,,,,,,,,,,,
2020-01-30 09:35:40.484000000,Add Order,1580394940484000000,A,493505,S,5600.0,25.22,252200.0,XIU,9.0,,,,,,,,,,,,,,
2020-01-30 09:35:40.802000000,Add Order,1580394940802000000,A,493505,S,5600.0,25.18,251800.0,XIU,9.0,,,,,,,,,,,,,,
2020-01-30 09:35:40.850000000,Add Order,1580394940850000000,A,493505,S,5600.0,25.22,252200.0,XIU,9.0,,,,,,,,,,,,,,
2020-01-30 09:35:40.853000000,Add Order,1580394940853000000,A,493505,S,5600.0,25.18,251800.0,XIU,9.0,,,,,,,,,,,,,,
2020-01-30 09:35:41.363000000,Add Order,1580394941363000000,A,493505,S,5600.0,25.22,252200.0,XIU,9.0,,,,,,,,,,,,,,
2020-01-30 09:35:41.388000000,Add Order,1580394941388000000,A,493505,S,5600.0,25.18,251800.0,XIU,9.0,,,,,,,,,,,,,,
2020-01-30 09:35:41.406000000,Add Order,1580394941406000000,A,493505,S,5600.0,25.22,252200.0,XIU,9.0,,,,,,,,,,,,,,
2020-01-30 09:35:41.486000000,Add Order,1580394941486000000,A,493505,S,5600.0,25.18,251800.0,XIU,9.0,,,,,,,,,,,,,,
2020-01-30 09:35:41.668000000,Add Order,1580394941668000000,A,493505,S,5600.0,25.22,252200.0,XIU,9.0,,,,,,,,,,,,,,
2020-01-30 09:35:41.729000000,Add Order,1580394941729000000,A,493505,S,5600.0,25.18,251800.0,XIU,9.0,,,,,,,,,,,,,,
2020-01-30 09:35:41.766000000,Add Order,1580394941766000000,A,493505,S,5600.0,25.22,252200.0,XIU,9.0,,,,,,,,,,,,,,
2020-01-30 09:35:42.468000000,Add Order,1580394942468000000,A,493506,B,5600.0,25.14,251400.0,XIU,9.0,,,,,,,,,,,,,,
2020-01-30 09:35:48.761000000,Add Order,1580394948761000000,A,493506,B,5600.0,25.1,251000.0,XIU,9.0,,,,,,,,,,,,,,
2020-01-30 09:35:48.829000000,Add Order,1580394948829000000,A,493506,B,5600.0,25.14,251400.0,XIU,9.0,,,,,,,,,,,,,,
2020-01-30 09:35:48.927000000,Add Order,1580394948927000000,A,493506,B,5600.0,25.1,251000.0,XIU,9.0,,,,,,,,,,,,,,
2020-01-30 09:35:48.934000000,Add Order,1580394948934000000,A,493506,B,5600.0,25.14,251400.0,XIU,9.0,,,,,,,,,,,,,,
2020-01-30 09:35:48.944000000,Add Order,1580394948944000000,A,493506,B,5600.0,25.1,251000.0,XIU,9.0,,,,,,,,,,,,,,
2020-01-30 09:35:48.944000000,Add Order,1580394948944000000,A,493506,B,5600.0,25.14,251400.0,XIU,9.0,,,,,,,,,,,,,,
2020-01-30 09:35:48.945000000,Add Order,1580394948945000000,A,493506,B,5600.0,25.1,251000.0,XIU,9.0,,,,,,,,,,,,,,
2020-01-30 09:35:48.949000000,Add Order,1580394948949000000,A,493506,B,5600.0,25.14,251400.0,XIU,9.0,,,,,,,,,,,,,,
2020-01-30 09:35:48.977000000,Add Order,1580394948977000000,A,493506,B,5600.0,25.1,251000.0,XIU,9.0,,,,,,,,,,,,,,
2020-01-30 09:35:48.979000000,Add Order,1580394948979000000,A,493506,B,5600.0,25.14,251400.0,XIU,9.0,,,,,,,,,,,,,,
2020-01-30 09:35:48.980000000,Add Order,1580394948980000000,A,493506,B,5600.0,25.1,251000.0,XIU,9.0,,,,,,,,,,,,,,
2020-01-30 09:35:49.554000000,Add Order,1580394949554000000,A,493506,B,5600.0,25.14,251400.0,XIU,9.0,,,,,,,,,,,,,,
2020-01-30 09:35:49.556000000,Add Order,1580394949556000000,A,493506,B,5600.0,25.1,251000.0,XIU,9.0,,,,,,,,,,,,,,
2020-01-30 09:35:49.737000000,Add Order,1580394949737000000,A,493506,B,5600.0,25.14,251400.0,XIU,9.0,,,,,,,,,,,,,,
2020-01-30 09:35:49.947000000,Add Order,1580394949947000000,A,493506,B,5600.0,25.1,251000.0,XIU,9.0,,,,,,,,,,,,,,
2020-01-30 09:35:49.950000000,Add Order,1580394949950000000,A,493506,B,5600.0,25.14,251400.0,XIU,9.0,,,,,,,,,,,,,,
2020-01-30 09:35:50.058000000,Add Order,1580394950058000000,A,493506,B,5600.0,25.1,251000.0,XIU,9.0,,,,,,,,,,,,,,
2020-01-30 09:35:50.059000000,Add Order,1580394950059000000,A,493506,B,5600.0,25.14,251400.0,XIU,9.0,,,,,,,,,,,,,,
2020-01-30 09:35:50.059000000,Add Order,1580394950059000000,A,493506,B,5600.0,25.1,251000.0,XIU,9.0,,,,,,,,,,,,,,
2020-01-30 09:35:50.060000000,Add Order,1580394950060000000,A,493506,B,5600.0,25.14,251400.0,XIU,9.0,,,,,,,,,,,,,,
2020-01-30 09:35:50.061000000,Add Order,1580394950061000000,A,493506,B,5600.0,25.1,251000.0,XIU,9.0,,,,,,,,,,,,,,
2020-01-30 09:35:50.062000000,Add Order,1580394950062000000,A,493506,B,5600.0,25.14,251400.0,XIU,9.0,,,,,,,,,,,,,,
2020-01-30 09:35:58.390000000,Add Order,1580394958390000000,A,493497,S,5600.0,25.23,252300.0,XIU,9.0,,,,,,,,,,,,,,
2020-01-30 09:35:58.390000000,Add Order,1580394958390000000,A,493497,S,5600.0,25.19,251900.0,XIU,9.0,,,,,,,,,,,,,,
2020-01-30 09:35:58.668000000,Add Order,1580394958668000000,A,493497,S,5600.0,25.23,252300.0,XIU,9.0,,,,,,,,,,,,,,
2020-01-30 09:35:58.766000000,Add Order,1580394958766000000,A,493497,S,5600.0,25.19,251900.0,XIU,9.0,,,,,,,,,,,,,,
2020-01-30 09:35:59.682000000,Add Order,1580394959682000000,A,493497,S,5600.0,25.23,252300.0,XIU,9.0,,,,,,,,,,,,,,
2020-01-30 09:35:59.682000000,Add Order,1580394959682000000,A,493497,S,5600.0,25.19,251900.0,XIU,9.0,,,,,,,,,,,,,,
2020-01-30 09:36:00.004000000,Add Order,1580394960004000000,A,493497,S,5600.0,25.23,252300.0,XIU,9.0,,,,,,,,,,,,,,
2020-01-30 09:36:00.052000000,Add Order,1580394960052000000,A,493497,S,5600.0,25.19,251900.0,XIU,9.0,,,,,,,,,,,,,,
2020-01-30 09:36:00.056000000,Add Order,1580394960056000000,A,493497,S,5600.0,25.23,252300.0,XIU,9.0,,,,,,,,,,,,,,
2020-01-30 09:36:00.134000000,Add Order,1580394960134000000,A,493497,S,5600.0,25.19,251900.0,XIU,9.0,,,,,,,,,,,,,,
2020-01-30 09:36:00.134000000,Add Order,1580394960134000000,A,493497,S,5600.0,25.23,252300.0,XIU,9.0,,,,,,,,,,,,,,
2020-01-30 09:36:03.598000000,Add Order,1580394963598000000,A,493504,B,5600.0,25.15,251500.0,XIU,9.0,,,,,,,,,,,,,,
2020-01-30 09:36:07.925000000,Add Order,1580394967925000000,A,493499,S,5600.0,25.24,252400.0,XIU,9.0,,,,,,,,,,,,,,
2020-01-30 09:36:09.627000000,Add Order,1580394969627000000,A,493499,S,5600.0,25.2,252000.0,XIU,9.0,,,,,,,,,,,,,,
2020-01-30 09:36:09.630000000,Add Order,1580394969630000000,A,493499,S,5600.0,25.24,252400.0,XIU,9.0,,,,,,,,,,,,,,
2020-01-30 09:36:09.631000000,Add Order,1580394969631000000,A,493499,S,5600.0,25.2,252000.0,XIU,9.0,,,,,,,,,,,,,,
2020-01-30 09:36:09.636000000,Add Order,1580394969636000000,A,493499,S,5600.0,25.24,252400.0,XIU,9.0,,,,,,,,,,,,,,
2020-01-30 09:36:09.640000000,Add Order,1580394969640000000,A,493499,S,5600.0,25.2,252000.0,XIU,9.0,,,,,,,,,,,,,,
2020-01-30 09:36:09.703000000,Add Order,1580394969703000000,A,493499,S,5600.0,25.24,252400.0,XIU,9.0,,,,,,,,,,,,,,
2020-01-30 09:36:09.772000000,Add Order,1580394969772000000,A,493499,S,5600.0,25.2,252000.0,XIU,9.0,,,,,,,,,,,,,,
2020-01-30 09:36:10.255000000,Add Order,1580394970255000000,A,493499,S,5600.0,25.24,252400.0,XIU,9.0,,,,,,,,,,,,,,
2020-01-30 09:36:10.255000000,Add Order,1580394970255000000,A,493499,S,5600.0,25.2,252000.0,XIU,9.0,,,,,,,,,,,,,,
2020-01-30 09:36:10.265000000,Add Order,1580394970265000000,A,493499,S,5600.0,25.24,252400.0,XIU,9.0,,,,,,,,,,,,,,
2020-01-30 09:36:10.270000000,Add Order,1580394970270000000,A,493499,S,5600.0,25.2,252000.0,XIU,9.0,,,,,,,,,,,,,,
2020-01-30 09:36:10.732000000,Add Order,1580394970732000000,A,493497,S,5600.0,25.19,251900.0,XIU,9.0,,,,,,,,,,,,,,
2020-01-30 09:36:13.469000000,Add Order,1580394973469000000,A,493497,S,5600.0,25.23,252300.0,XIU,9.0,,,,,,,,,,,,,,
2020-01-30 09:36:16.173000000,Add Order,1580394976173000000,A,493497,S,5600.0,25.19,251900.0,XIU,9.0,,,,,,,,,,,,,,
2020-01-30 09:36:23.100000000,Add Order,1580394983100000000,A,493497,S,5600.0,25.23,252300.0,XIU,9.0,,,,,,,,,,,,,,
2020-01-30 09:36:24.052000000,Add Order,1580394984052000000,A,493500,B,5600.0,25.16,251600.0,XIU,9.0,,,,,,,,,,,,,,
2020-01-30 09:36:28.096000000,Add Order,1580394988096000000,A,493500,B,5600.0,25.12,251200.0,XIU,9.0,,,,,,,,,,,,,,
2020-01-30 09:36:30.625000000,Add Order,1580394990625000000,A,493497,S,5600.0,25.19,251900.0,XIU,9.0,,,,,,,,,,,,,,
2020-01-30 09:36:31.660000000,Add Order,1580394991660000000,A,493497,S,5600.0,25.23,252300.0,XIU,9.0,,,,,,,,,,,,,,
2020-01-30 09:36:32.389000000,Add Order,1580394992389000000,A,493497,S,5600.0,25.19,251900.0,XIU,9.0,,,,,,,,,,,,,,
2020-01-30 09:36:32.421000000,Add Order,1580394992421000000,A,493497,S,5600.0,25.23,252300.0,XIU,9.0,,,,,,,,,,,,,,
2020-01-30 09:36:32.432000000,Add Order,1580394992432000000,A,493497,S,5600.0,25.19,251900.0,XIU,9.0,,,,,,,,,,,,,,
2020-01-30 09:36:34.002000000,Add Order,1580394994002000000,A,493497,S,5600.0,25.23,252300.0,XIU,9.0,,,,,,,,,,,,,,
2020-01-30 09:36:35.723000000,Add Order,1580394995723000000,A,493497,S,5600.0,25.19,251900.0,XIU,9.0,,,,,,,,,,,,,,
2020-01-30 09:36:35.725000000,Add Order,1580394995725000000,A,493497,S,5600.0,25.23,252300.0,XIU,9.0,,,,,,,,,,,,,,
2020-01-30 09:36:35.740000000,Add Order,1580394995740000000,A,493497,S,5600.0,25.19,251900.0,XIU,9.0,,,,,,,,,,,,,,
2020-01-30 09:36:35.744000000,Add Order,1580394995744000000,A,493497,S,5600.0,25.23,252300.0,XIU,9.0,,,,,,,,,,,,,,
2020-01-30 09:36:35.745000000,Add Order,1580394995745000000,A,493497,S,5600.0,25.19,251900.0,XIU,9.0,,,,,,,,,,,,,,
2020-01-30 09:36:35.747000000,Add Order,1580394995747000000,A,493497,S,5600.0,25.23,252300.0,XIU,9.0,,,,,,,,,,,,,,
2020-01-30 09:36:35.748000000,Add Order,1580394995748000000,A,493497,S,5600.0,25.19,251900.0,XIU,9.0,,,,,,,,,,,,,,
2020-01-30 09:36:35.749000000,Add Order,1580394995749000000,A,493497,S,5600.0,25.23,252300.0,XIU,9.0,,,,,,,,,,,,,,
2020-01-30 09:36:35.752000000,Add Order,1580394995752000000,A,493497,S,5600.0,25.19,251900.0,XIU,9.0,,,,,,,,,,,,,,
2020-01-30 09:36:36.002000000,Add Order,1580394996002000000,A,493497,S,5600.0,25.23,252300.0,XIU,9.0,,,,,,,,,,,,,,
2020-01-30 09:36:36.003000000,Add Order,1580394996003000000,A,493497,S,5600.0,25.19,251900.0,XIU,9.0,,,,,,,,,,,,,,
2020-01-30 09:36:36.004000000,Add Order,1580394996004000000,A,493497,S,5600.0,25.23,252300.0,XIU,9.0,,,,,,,,,,,,,,
2020-01-30 09:36:36.006000000,Add Order,1580394996006000000,A,493497,S,5600.0,25.19,251900.0,XIU,9.0,,,,,,,,,,,,,,
2020-01-30 09:36:37.837000000,Add Order,1580394997837000000,A,493500,B,5600.0,25.16,251600.0,XIU,9.0,,,,,,,,,,,,,,
2020-01-30 09:36:37.844000000,Add Order,1580394997844000000,A,493500,B,5600.0,25.12,251200.0,XIU,9.0,,,,,,,,,,,,,,
2020-01-30 09:36:37.873000000,Add Order,1580394997873000000,A,493500,B,5600.0,25.16,251600.0,XIU,9.0,,,,,,,,,,,,,,
2020-01-30 09:36:37.891000000,Add Order,1580394997891000000,A,493500,B,5600.0,25.12,251200.0,XIU,9.0,,,,,,,,,,,,,,
2020-01-30 09:36:45.273000000,Add Order,1580395005273000000,A,493504,B,5600.0,25.11,251100.0,XIU,9.0,,,,,,,,,,,,,,
2020-01-30 09:36:45.284000000,Add Order,1580395005284000000,A,493504,B,5600.0,25.15,251500.0,XIU,9.0,,,,,,,,,,,,,,
2020-01-30 09:36:45.306000000,Add Order,1580395005306000000,A,493504,B,5600.0,25.11,251100.0,XIU,9.0,,,,,,,,,,,,,,
2020-01-30 09:36:45.330000000,Add Order,1580395005330000000,A,493504,B,5600.0,25.15,251500.0,XIU,9.0,,,,,,,,,,,,,,
2020-01-30 09:36:45.370000000,Add Order,1580395005370000000,A,493504,B,5600.0,25.11,251100.0,XIU,9.0,,,,,,,,,,,,,,
2020-01-30 09:36:45.854000000,Add Order,1580395005854000000,A,493504,B,5600.0,25.15,251500.0,XIU,9.0,,,,,,,,,,,,,,
2020-01-30 09:36:45.855000000,Add Order,1580395005855000000,A,493504,B,5600.0,25.11,251100.0,XIU,9.0,,,,,,,,,,,,,,
2020-01-30 09:36:45.856000000,Add Order,1580395005856000000,A,493504,B,5600.0,25.15,251500.0,XIU,9.0,,,,,,,,,,,,,,
2020-01-30 09:36:46.026000000,Add Order,1580395006026000000,A,493504,B,5600.0,25.11,251100.0,XIU,9.0,,,,,,,,,,,,,,
2020-01-30 09:36:46.159000000,Add Order,1580395006159000000,A,493504,B,5600.0,25.15,251500.0,XIU,9.0,,,,,,,,,,,,,,
2020-01-30 09:36:46.162000000,Add Order,1580395006162000000,A,493504,B,5600.0,25.11,251100.0,XIU,9.0,,,,,,,,,,,,,,
2020-01-30 09:36:47.360000000,Add Order,1580395007360000000,A,493504,B,5600.0,25.15,251500.0,XIU,9.0,,,,,,,,,,,,,,
2020-01-30 09:36:47.368000000,Add Order,1580395007368000000,A,493504,B,5600.0,25.11,251100.0,XIU,9.0,,,,,,,,,,,,,,
2020-01-30 09:36:47.394000000,Add Order,1580395007394000000,A,493504,B,5600.0,25.15,251500.0,XIU,9.0,,,,,,,,,,,,,,
2020-01-30 09:36:51.488000000,Add Order,1580395011488000000,A,493504,B,5600.0,25.11,251100.0,XIU,9.0,,,,,,,,,,,,,,
2020-01-30 09:36:51.497000000,Add Order,1580395011497000000,A,493504,B,5600.0,25.15,251500.0,XIU,9.0,,,,,,,,,,,,,,
2020-01-30 09:36:51.504000000,Add Order,1580395011504000000,A,493497,S,5600.0,25.23,252300.0,XIU,9.0,,,,,,,,,,,,,,
2020-01-30 09:36:51.504000000,Add Order,1580395011504000000,A,493504,B,5600.0,25.11,251100.0,XIU,9.0,,,,,,,,,,,,,,
2020-01-30 09:36:51.640000000,Add Order,1580395011640000000,A,493497,S,5600.0,25.19,251900.0,XIU,9.0,,,,,,,,,,,,,,
2020-01-30 09:36:51.640000000,Add Order,1580395011640000000,A,493504,B,5600.0,25.15,251500.0,XIU,9.0,,,,,,,,,,,,,,
2020-01-30 09:36:51.645000000,Add Order,1580395011645000000,A,493497,S,5600.0,25.23,252300.0,XIU,9.0,,,,,,,,,,,,,,
2020-01-30 09:36:51.664000000,Add Order,1580395011664000000,A,493497,S,5600.0,25.19,251900.0,XIU,9.0,,,,,,,,,,,,,,
2020-01-30 09:36:51.680000000,Add Order,1580395011680000000,A,493497,S,5600.0,25.23,252300.0,XIU,9.0,,,,,,,,,,,,,,
2020-01-30 09:36:54.788000000,Add Order,1580395014788000000,A,493497,S,5600.0,25.19,251900.0,XIU,9.0,,,,,,,,,,,,,,
2020-01-30 09:36:57.007000000,Add Order,1580395017007000000,A,493500,B,5600.0,25.16,251600.0,XIU,9.0,,,,,,,,,,,,,,
2020-01-30 09:36:57.088000000,Add Order,1580395017088000000,A,493500,B,5600.0,25.12,251200.0,XIU,9.0,,,,,,,,,,,,,,
2020-01-30 09:36:57.296000000,Add Order,1580395017296000000,A,493500,B,5600.0,25.16,251600.0,XIU,9.0,,,,,,,,,,,,,,
2020-01-30 09:36:58.538000000,Add Order,1580395018538000000,A,493497,S,5600.0,25.23,252300.0,XIU,9.0,,,,,,,,,,,,,,
2020-01-30 09:36:58.568000000,Add Order,1580395018568000000,A,493497,S,5600.0,25.19,251900.0,XIU,9.0,,,,,,,,,,,,,,
2020-01-30 09:36:58.570000000,Add Order,1580395018570000000,A,493497,S,5600.0,25.23,252300.0,XIU,9.0,,,,,,,,,,,,,,
2020-01-30 09:36:59.786000000,Add Order,1580395019786000000,A,493497,S,5600.0,25.19,251900.0,XIU,9.0,,,,,,,,,,,,,,
2020-01-30 09:37:00.263000000,Add Order,1580395020263000000,A,493497,S,5600.0,25.23,252300.0,XIU,9.0,,,,,,,,,,,,,,
2020-01-30 09:37:00.268000000,Add Order,1580395020268000000,A,493497,S,5600.0,25.19,251900.0,XIU,9.0,,,,,,,,,,,,,,
2020-01-30 09:37:00.271000000,Add Order,1580395020271000000,A,493497,S,5600.0,25.23,252300.0,XIU,9.0,,,,,,,,,,,,,,
2020-01-30 09:37:00.272000000,Add Order,1580395020272000000,A,493497,S,5600.0,25.19,251900.0,XIU,9.0,,,,,,,,,,,,,,
2020-01-30 09:37:00.275000000,Add Order,1580395020275000000,A,493497,S,5600.0,25.23,252300.0,XIU,9.0,,,,,,,,,,,,,,
2020-01-30 09:37:00.335000000,Add Order,1580395020335000000,A,493497,S,5600.0,25.19,251900.0,XIU,9.0,,,,,,,,,,,,,,
2020-01-30 09:37:00.465000000,Add Order,1580395020465000000,A,493497,S,5600.0,25.23,252300.0,XIU,9.0,,,,,,,,,,,,,,
2020-01-30 09:37:01.136000000,Add Order,1580395021136000000,A,493500,B,5600.0,25.12,251200.0,XIU,9.0,,,,,,,,,,,,,,
2020-01-30 09:37:01.181000000,Add Order,1580395021181000000,A,493500,B,5600.0,25.16,251600.0,XIU,9.0,,,,,,,,,,,,,,
2020-01-30 09:37:01.274000000,Add Order,1580395021274000000,A,493500,B,5600.0,25.12,251200.0,XIU,9.0,,,,,,,,,,,,,,
2020-01-30 09:37:01.288000000,Add Order,1580395021288000000,A,493497,S,5600.0,25.19,251900.0,XIU,9.0,,,,,,,,,,,,,,
2020-01-30 09:37:01.288000000,Add Order,1580395021288000000,A,493497,S,5600.0,25.23,252300.0,XIU,9.0,,,,,,,,,,,,,,
2020-01-30 09:37:01.289000000,Add Order,1580395021289000000,A,493497,S,5600.0,25.19,251900.0,XIU,9.0,,,,,,,,,,,,,,
2020-01-30 09:37:01.478000000,Add Order,1580395021478000000,A,493497,S,5600.0,25.23,252300.0,XIU,9.0,,,,,,,,,,,,,,
2020-01-30 09:37:01.488000000,Add Order,1580395021488000000,A,493497,S,5600.0,25.19,251900.0,XIU,9.0,,,,,,,,,,,,,,
2020-01-30 09:37:01.490000000,Add Order,1580395021490000000,A,493497,S,5600.0,25.23,252300.0,XIU,9.0,,,,,,,,,,,,,,
2020-01-30 09:37:01.504000000,Add Order,1580395021504000000,A,493497,S,5600.0,25.19,251900.0,XIU,9.0,,,,,,,,,,,,,,
2020-01-30 09:37:01.685000000,Add Order,1580395021685000000,A,493497,S,5600.0,25.23,252300.0,XIU,9.0,,,,,,,,,,,,,,
2020-01-30 09:37:01.685000000,Add Order,1580395021685000000,A,493497,S,5600.0,25.19,251900.0,XIU,9.0,,,,,,,,,,,,,,
2020-01-30 09:37:01.692000000,Add Order,1580395021692000000,A,493497,S,5600.0,25.23,252300.0,XIU,9.0,,,,,,,,,,,,,,
2020-01-30 09:37:01.693000000,Add Order,1580395021693000000,A,493497,S,5600.0,25.19,251900.0,XIU,9.0,,,,,,,,,,,,,,
2020-01-30 09:37:01.698000000,Add Order,1580395021698000000,A,493497,S,5600.0,25.23,252300.0,XIU,9.0,,,,,,,,,,,,,,
2020-01-30 09:37:01.787000000,Add Order,1580395021787000000,A,493500,B,5600.0,25.16,251600.0,XIU,9.0,,,,,,,,,,,,,,
2020-01-30 09:37:01.802000000,Add Order,1580395021802000000,A,493500,B,5600.0,25.12,251200.0,XIU,9.0,,,,,,,,,,,,,,
2020-01-30 09:37:02.026000000,Add Order,1580395022026000000,A,493497,S,5600.0,25.19,251900.0,XIU,9.0,,,,,,,,,,,,,,
2020-01-30 09:37:12.171000000,Add Order,1580395032171000000,A,493505,S,5600.0,25.18,251800.0,XIU,9.0,,,,,,,,,,,,,,
2020-01-30 09:37:12.238000000,Add Order,1580395032238000000,A,493505,S,5600.0,25.22,252200.0,XIU,9.0,,,,,,,,,,,,,,
2020-01-30 09:37:12.243000000,Add Order,1580395032243000000,A,493505,S,5600.0,25.18,251800.0,XIU,9.0,,,,,,,,,,,,,,
2020-01-30 09:37:12.339000000,Add Order,1580395032339000000,A,493505,S,5600.0,25.22,252200.0,XIU,9.0,,,,,,,,,,,,,,
2020-01-30 09:37:12.339000000,Add Order,1580395032339000000,A,493505,S,5600.0,25.18,251800.0,XIU,9.0,,,,,,,,,,,,,,
2020-01-30 09:37:12.340000000,Add Order,1580395032340000000,A,493505,S,5600.0,25.22,252200.0,XIU,9.0,,,,,,,,,,,,,,
2020-01-30 09:37:12.351000000,Add Order,1580395032351000000,A,493505,S,5600.0,25.18,251800.0,XIU,9.0,,,,,,,,,,,,,,
2020-01-30 09:37:12.399000000,Add Order,1580395032399000000,A,493505,S,5600.0,25.22,252200.0,XIU,9.0,,,,,,,,,,,,,,
2020-01-30 09:37:12.789000000,Add Order,1580395032789000000,A,493505,S,5600.0,25.18,251800.0,XIU,9.0,,,,,,,,,,,,,,
2020-01-30 09:37:12.808000000,Add Order,1580395032808000000,A,493504,B,5600.0,25.11,251100.0,XIU,9.0,,,,,,,,,,,,,,
2020-01-30 09:37:14.515000000,Add Order,1580395034515000000,A,493505,S,5600.0,25.22,252200.0,XIU,9.0,,,,,,,,,,,,,,
2020-01-30 09:37:18.908000000,Add Order,1580395038908000000,A,493506,B,5600.0,25.1,251000.0,XIU,9.0,,,,,,,,,,,,,,
2020-01-30 09:37:19.041000000,Add Order,1580395039041000000,A,493506,B,5600.0,25.14,251400.0,XIU,9.0,,,,,,,,,,,,,,
2020-01-30 09:37:19.042000000,Add Order,1580395039042000000,A,493505,S,5600.0,25.18,251800.0,XIU,9.0,,,,,,,,,,,,,,
2020-01-30 09:37:21.279000000,Add Order,1580395041279000000,A,493506,B,5600.0,25.1,251000.0,XIU,9.0,,,,,,,,,,,,,,
2020-01-30 09:37:21.288000000,Add Order,1580395041288000000,A,493506,B,5600.0,25.14,251400.0,XIU,9.0,,,,,,,,,,,,,,
2020-01-30 09:37:21.415000000,Add Order,1580395041415000000,A,493506,B,5600.0,25.1,251000.0,XIU,9.0,,,,,,,,,,,,,,
2020-01-30 09:37:21.422000000,Add Order,1580395041422000000,A,493506,B,5600.0,25.14,251400.0,XIU,9.0,,,,,,,,,,,,,,
2020-01-30 09:37:21.511000000,Add Order,1580395041511000000,A,493506,B,5600.0,25.1,251000.0,XIU,9.0,,,,,,,,,,,,,,
2020-01-30 09:37:21.512000000,Add Order,1580395041512000000,A,493505,S,5600.0,25.22,252200.0,XIU,9.0,,,,,,,,,,,,,,
2020-01-30 09:37:21.554000000,Add Order,1580395041554000000,A,493506,B,5600.0,25.14,251400.0,XIU,9.0,,,,,,,,,,,,,,
2020-01-30 09:37:21.737000000,Add Order,1580395041737000000,A,493505,S,5600.0,25.18,251800.0,XIU,9.0,,,,,,,,,,,,,,
2020-01-30 09:37:37.435000000,Add Order,1580395057435000000,A,493504,B,5600.0,25.15,251500.0,XIU,9.0,,,,,,,,,,,,,,
2020-01-30 09:37:37.436000000,Add Order,1580395057436000000,A,493504,B,5600.0,25.11,251100.0,XIU,9.0,,,,,,,,,,,,,,
2020-01-30 09:37:37.461000000,Add Order,1580395057461000000,A,493504,B,5600.0,25.15,251500.0,XIU,9.0,,,,,,,,,,,,,,
2020-01-30 09:37:38.004000000,Add Order,1580395058004000000,A,493505,S,5600.0,25.22,252200.0,XIU,9.0,,,,,,,,,,,,,,
2020-01-30 09:37:38.025000000,Add Order,1580395058025000000,A,493505,S,5600.0,25.18,251800.0,XIU,9.0,,,,,,,,,,,,,,
2020-01-30 09:37:38.495000000,Add Order,1580395058495000000,A,493504,B,5600.0,25.11,251100.0,XIU,9.0,,,,,,,,,,,,,,
2020-01-30 09:37:38.496000000,Add Order,1580395058496000000,A,493504,B,5600.0,25.15,251500.0,XIU,9.0,,,,,,,,,,,,,,
2020-01-30 09:37:38.747000000,Add Order,1580395058747000000,A,493504,B,5600.0,25.11,251100.0,XIU,9.0,,,,,,,,,,,,,,
2020-01-30 09:37:57.016000000,Add Order,1580395077016000000,A,493504,B,5600.0,25.15,251500.0,XIU,9.0,,,,,,,,,,,,,,
2020-01-30 09:37:57.057000000,Add Order,1580395077057000000,A,493505,S,5600.0,25.22,252200.0,XIU,9.0,,,,,,,,,,,,,,
2020-01-30 09:37:57.141000000,Add Order,1580395077141000000,A,493504,B,5600.0,25.11,251100.0,XIU,9.0,,,,,,,,,,,,,,
2020-01-30 09:37:57.141000000,Add Order,1580395077141000000,A,493504,B,5600.0,25.15,251500.0,XIU,9.0,,,,,,,,,,,,,,
2020-01-30 09:37:57.377000000,Add Order,1580395077377000000,A,493505,S,5600.0,25.18,251800.0,XIU,9.0,,,,,,,,,,,,,,
2020-01-30 09:37:57.377000000,Add Order,1580395077377000000,A,493504,B,5600.0,25.11,251100.0,XIU,9.0,,,,,,,,,,,,,,
2020-01-30 09:38:00.303000000,Add Order,1580395080303000000,A,493504,B,5600.0,25.15,251500.0,XIU,9.0,,,,,,,,,,,,,,
2020-01-30 09:38:00.520000000,Add Order,1580395080520000000,A,493504,B,5600.0,25.11,251100.0,XIU,9.0,,,,,,,,,,,,,,
2020-01-30 09:38:00.522000000,Add Order,1580395080522000000,A,493504,B,5600.0,25.15,251500.0,XIU,9.0,,,,,,,,,,,,,,
2020-01-30 09:38:00.801000000,Add Order,1580395080801000000,A,493504,B,5600.0,25.11,251100.0,XIU,9.0,,,,,,,,,,,,,,
2020-01-30 09:38:01.452000000,Add Order,1580395081452000000,A,493501,S,5600.0,25.17,251700.0,XIU,9.0,,,,,,,,,,,,,,
2020-01-30 09:38:01.465000000,Add Order,1580395081465000000,A,493501,S,5600.0,25.21,252100.0,XIU,9.0,,,,,,,,,,,,,,
2020-01-30 09:38:01.465000000,Add Order,1580395081465000000,A,493501,S,5600.0,25.17,251700.0,XIU,9.0,,,,,,,,,,,,,,
2020-01-30 09:38:03.616000000,Add Order,1580395083616000000,A,493501,S,5600.0,25.21,252100.0,XIU,9.0,,,,,,,,,,,,,,
2020-01-30 09:38:06.302000000,Add Order,1580395086302000000,A,493504,B,5600.0,25.15,251500.0,XIU,9.0,,,,,,,,,,,,,,
2020-01-30 09:38:07.354000000,Add Order,1580395087354000000,A,493504,B,5600.0,25.11,251100.0,XIU,9.0,,,,,,,,,,,,,,
2020-01-30 09:38:09.081000000,Add Order,1580395089081000000,A,493504,B,5600.0,25.15,251500.0,XIU,9.0,,,,,,,,,,,,,,
2020-01-30 09:38:14.267000000,Add Order,1580395094267000000,A,493505,S,5600.0,25.22,252200.0,XIU,9.0,,,,,,,,,,,,,,
2020-01-30 09:38:24.171000000,Add Order,1580395104171000000,A,493505,S,5600.0,25.18,251800.0,XIU,9.0,,,,,,,,,,,,,,
2020-01-30 09:38:27.106000000,Add Order,1580395107106000000,A,493505,S,5600.0,25.22,252200.0,XIU,9.0,,,,,,,,,,,,,,
2020-01-30 09:38:30.817000000,Add Order,1580395110817000000,A,493504,B,5600.0,25.11,251100.0,XIU,9.0,,,,,,,,,,,,,,
2020-01-30 09:38:30.821000000,Add Order,1580395110821000000,A,493504,B,5600.0,25.15,251500.0,XIU,9.0,,,,,,,,,,,,,,
2020-01-30 09:38:33.101000000,Add Order,1580395113101000000,A,493504,B,5600.0,25.11,251100.0,XIU,9.0,,,,,,,,,,,,,,
2020-01-30 09:38:35.119000000,Add Order,1580395115119000000,A,493505,S,5600.0,25.18,251800.0,XIU,9.0,,,,,,,,,,,,,,
2020-01-30 09:38:38.925000000,Add Order,1580395118925000000,A,493504,B,5600.0,25.15,251500.0,XIU,9.0,,,,,,,,,,,,,,
2020-01-30 09:38:39.918000000,Add Order,1580395119918000000,A,493504,B,5600.0,25.11,251100.0,XIU,9.0,,,,,,,,,,,,,,
2020-01-30 09:38:39.978000000,Add Order,1580395119978000000,A,493504,B,5600.0,25.15,251500.0,XIU,9.0,,,,,,,,,,,,,,
2020-01-30 09:38:40.002000000,Add Order,1580395120002000000,A,493504,B,5600.0,25.11,251100.0,XIU,9.0,,,,,,,,,,,,,,
2020-01-30 09:38:41.462000000,Add Order,1580395121462000000,A,493504,B,5600.0,25.15,251500.0,XIU,9.0,,,,,,,,,,,,,,
2020-01-30 09:38:41.605000000,Add Order,1580395121605000000,A,493504,B,5600.0,25.11,251100.0,XIU,9.0,,,,,,,,,,,,,,
2020-01-30 09:38:52.118000000,Add Order,1580395132118000000,A,493504,B,5600.0,25.15,251500.0,XIU,9.0,,,,,,,,,,,,,,
2020-01-30 09:38:52.675000000,Add Order,1580395132675000000,A,493504,B,5600.0,25.11,251100.0,XIU,9.0,,,,,,,,,,,,,,
2020-01-30 09:38:52.756000000,Add Order,1580395132756000000,A,493505,S,5600.0,25.22,252200.0,XIU,9.0,,,,,,,,,,,,,,
2020-01-30 09:38:52.984000000,Add Order,1580395132984000000,A,493504,B,5600.0,25.15,251500.0,XIU,9.0,,,,,,,,,,,,,,
2020-01-30 09:38:52.989000000,Add Order,1580395132989000000,A,493504,B,5600.0,25.11,251100.0,XIU,9.0,,,,,,,,,,,,,,
2020-01-30 09:38:53.042000000,Add Order,1580395133042000000,A,493504,B,5600.0,25.15,251500.0,XIU,9.0,,,,,,,,,,,,,,
2020-01-30 09:38:53.221000000,Add Order,1580395133221000000,A,493504,B,5600.0,25.11,251100.0,XIU,9.0,,,,,,,,,,,,,,
2020-01-30 09:38:53.443000000,Add Order,1580395133443000000,A,493504,B,5600.0,25.15,251500.0,XIU,9.0,,,,,,,,,,,,,,
2020-01-30 09:38:53.508000000,Add Order,1580395133508000000,A,493504,B,5600.0,25.11,251100.0,XIU,9.0,,,,,,,,,,,,,,
2020-01-30 09:38:53.509000000,Add Order,1580395133509000000,A,493504,B,5600.0,25.15,251500.0,XIU,9.0,,,,,,,,,,,,,,
2020-01-30 09:38:53.858000000,Add Order,1580395133858000000,A,493504,B,5600.0,25.11,251100.0,XIU,9.0,,,,,,,,,,,,,,
2020-01-30 09:38:53.858000000,Add Order,1580395133858000000,A,493504,B,5600.0,25.15,251500.0,XIU,9.0,,,,,,,,,,,,,,
2020-01-30 09:38:53.988000000,Add Order,1580395133988000000,A,493504,B,5600.0,25.11,251100.0,XIU,9.0,,,,,,,,,,,,,,
2020-01-30 09:38:55.061000000,Add Order,1580395135061000000,A,493505,S,5600.0,25.18,251800.0,XIU,9.0,,,,,,,,,,,,,,
2020-01-30 09:38:55.164000000,Add Order,1580395135164000000,A,493505,S,5600.0,25.22,252200.0,XIU,9.0,,,,,,,,,,,,,,
2020-01-30 09:38:55.243000000,Add Order,1580395135243000000,A,493505,S,5600.0,25.18,251800.0,XIU,9.0,,,,,,,,,,,,,,
2020-01-30 09:38:55.336000000,Add Order,1580395135336000000,A,493505,S,5600.0,25.22,252200.0,XIU,9.0,,,,,,,,,,,,,,
2020-01-30 09:38:55.623000000,Add Order,1580395135623000000,A,493504,B,5600.0,25.15,251500.0,XIU,9.0,,,,,,,,,,,,,,
2020-01-30 09:38:57.638000000,Add Order,1580395137638000000,A,493504,B,5600.0,25.11,251100.0,XIU,9.0,,,,,,,,,,,,,,
2020-01-30 09:38:57.723000000,Add Order,1580395137723000000,A,493504,B,5600.0,25.15,251500.0,XIU,9.0,,,,,,,,,,,,,,
2020-01-30 09:38:57.819000000,Add Order,1580395137819000000,A,493504,B,5600.0,25.11,251100.0,XIU,9.0,,,,,,,,,,,,,,
2020-01-30 09:38:57.997000000,Add Order,1580395137997000000,A,493505,S,5600.0,25.18,251800.0,XIU,9.0,,,,,,,,,,,,,,
2020-01-30 09:38:59.034000000,Add Order,1580395139034000000,A,493505,S,5600.0,25.22,252200.0,XIU,9.0,,,,,,,,,,,,,,
2020-01-30 09:38:59.169000000,Add Order,1580395139169000000,A,493504,B,5600.0,25.15,251500.0,XIU,9.0,,,,,,,,,,,,,,
2020-01-30 09:39:00.251000000,Add Order,1580395140251000000,A,493504,B,5600.0,25.11,251100.0,XIU,9.0,,,,,,,,,,,,,,
2020-01-30 09:39:00.343000000,Add Order,1580395140343000000,A,493505,S,5600.0,25.18,251800.0,XIU,9.0,,,,,,,,,,,,,,
2020-01-30 09:39:00.639000000,Add Order,1580395140639000000,A,493505,S,5600.0,25.22,252200.0,XIU,9.0,,,,,,,,,,,,,,
2020-01-30 09:39:00.640000000,Add Order,1580395140640000000,A,493505,S,5600.0,25.18,251800.0,XIU,9.0,,,,,,,,,,,,,,
2020-01-30 09:39:00.660000000,Add Order,1580395140660000000,A,493505,S,5600.0,25.22,252200.0,XIU,9.0,,,,,,,,,,,,,,
2020-01-30 09:39:00.661000000,Add Order,1580395140661000000,A,493505,S,5600.0,25.18,251800.0,XIU,9.0,,,,,,,,,,,,,,
2020-01-30 09:39:01.812000000,Add Order,1580395141812000000,A,493504,B,5600.0,25.15,251500.0,XIU,9.0,,,,,,,,,,,,,,
2020-01-30 09:39:01.831000000,Add Order,1580395141831000000,A,493504,B,5600.0,25.11,251100.0,XIU,9.0,,,,,,,,,,,,,,
2020-01-30 09:39:01.893000000,Add Order,1580395141893000000,A,493504,B,5600.0,25.15,251500.0,XIU,9.0,,,,,,,,,,,,,,
2020-01-30 09:39:02.521000000,Add Order,1580395142521000000,A,493504,B,5600.0,25.11,251100.0,XIU,9.0,,,,,,,,,,,,,,
2020-01-30 09:39:02.609000000,Add Order,1580395142609000000,A,493504,B,5600.0,25.15,251500.0,XIU,9.0,,,,,,,,,,,,,,
2020-01-30 09:39:02.741000000,Add Order,1580395142741000000,A,493504,B,5600.0,25.11,251100.0,XIU,9.0,,,,,,,,,,,,,,
2020-01-30 09:39:08.359000000,Add Order,1580395148359000000,A,493504,B,5600.0,25.15,251500.0,XIU,9.0,,,,,,,,,,,,,,
2020-01-30 09:39:08.360000000,Add Order,1580395148360000000,A,493504,B,5600.0,25.11,251100.0,XIU,9.0,,,,,,,,,,,,,,
2020-01-30 09:39:08.398000000,Add Order,1580395148398000000,A,493504,B,5600.0,25.15,251500.0,XIU,9.0,,,,,,,,,,,,,,
2020-01-30 09:39:08.430000000,Add Order,1580395148430000000,A,493504,B,5600.0,25.11,251100.0,XIU,9.0,,,,,,,,,,,,,,
2020-01-30 09:39:08.871000000,Add Order,1580395148871000000,A,493504,B,5600.0,25.15,251500.0,XIU,9.0,,,,,,,,,,,,,,
2020-01-30 09:39:11.113000000,Add Order,1580395151113000000,A,493505,S,5600.0,25.22,252200.0,XIU,9.0,,,,,,,,,,,,,,
2020-01-30 09:39:14.606000000,Add Order,1580395154606000000,A,493504,B,5600.0,25.11,251100.0,XIU,9.0,,,,,,,,,,,,,,
2020-01-30 09:39:15.386000000,Add Order,1580395155386000000,A,493505,S,5600.0,25.18,251800.0,XIU,9.0,,,,,,,,,,,,,,
2020-01-30 09:39:15.590000000,Add Order,1580395155590000000,A,493505,S,5600.0,25.22,252200.0,XIU,9.0,,,,,,,,,,,,,,
2020-01-30 09:39:16.264000000,Add Order,1580395156264000000,A,493505,S,5600.0,25.18,251800.0,XIU,9.0,,,,,,,,,,,,,,
2020-01-30 09:39:16.265000000,Add Order,1580395156265000000,A,493505,S,5600.0,25.22,252200.0,XIU,9.0,,,,,,,,,,,,,,
2020-01-30 09:39:16.404000000,Add Order,1580395156404000000,A,493505,S,5600.0,25.18,251800.0,XIU,9.0,,,,,,,,,,,,,,
2020-01-30 09:39:16.423000000,Add Order,1580395156423000000,A,493505,S,5600.0,25.22,252200.0,XIU,9.0,,,,,,,,,,,,,,
2020-01-30 09:39:16.598000000,Add Order,1580395156598000000,A,493505,S,5600.0,25.18,251800.0,XIU,9.0,,,,,,,,,,,,,,
2020-01-30 09:39:16.736000000,Add Order,1580395156736000000,A,493505,S,5600.0,25.22,252200.0,XIU,9.0,,,,,,,,,,,,,,
2020-01-30 09:39:17.123000000,Add Order,1580395157123000000,A,493505,S,5600.0,25.18,251800.0,XIU,9.0,,,,,,,,,,,,,,
2020-01-30 09:39:17.231000000,Add Order,1580395157231000000,A,493505,S,5600.0,25.22,252200.0,XIU,9.0,,,,,,,,,,,,,,
2020-01-30 09:39:17.237000000,Add Order,1580395157237000000,A,493505,S,5600.0,25.18,251800.0,XIU,9.0,,,,,,,,,,,,,,
2020-01-30 09:39:17.238000000,Add Order,1580395157238000000,A,493505,S,5600.0,25.22,252200.0,XIU,9.0,,,,,,,,,,,,,,
2020-01-30 09:39:17.242000000,Add Order,1580395157242000000,A,493505,S,5600.0,25.18,251800.0,XIU,9.0,,,,,,,,,,,,,,
2020-01-30 09:39:17.243000000,Add Order,1580395157243000000,A,493505,S,5600.0,25.22,252200.0,XIU,9.0,,,,,,,,,,,,,,
2020-01-30 09:39:17.351000000,Add Order,1580395157351000000,A,493505,S,5600.0,25.18,251800.0,XIU,9.0,,,,,,,,,,,,,,
2020-01-30 09:39:17.502000000,Add Order,1580395157502000000,A,493505,S,5600.0,25.22,252200.0,XIU,9.0,,,,,,,,,,,,,,
2020-01-30 09:39:17.504000000,Add Order,1580395157504000000,A,493505,S,5600.0,25.18,251800.0,XIU,9.0,,,,,,,,,,,,,,
2020-01-30 09:39:17.569000000,Add Order,1580395157569000000,A,493505,S,5600.0,25.22,252200.0,XIU,9.0,,,,,,,,,,,,,,
2020-01-30 09:39:17.586000000,Add Order,1580395157586000000,A,493505,S,5600.0,25.18,251800.0,XIU,9.0,,,,,,,,,,,,,,
2020-01-30 09:39:17.608000000,Add Order,1580395157608000000,A,493505,S,5600.0,25.22,252200.0,XIU,9.0,,,,,,,,,,,,,,
2020-01-30 09:39:17.676000000,Add Order,1580395157676000000,A,493504,B,5600.0,25.15,251500.0,XIU,9.0,,,,,,,,,,,,,,
2020-01-30 09:39:22.582000000,Add Order,1580395162582000000,A,493505,S,5600.0,25.18,251800.0,XIU,9.0,,,,,,,,,,,,,,
2020-01-30 09:39:22.597000000,Add Order,1580395162597000000,A,493505,S,5600.0,25.22,252200.0,XIU,9.0,,,,,,,,,,,,,,
2020-01-30 09:39:24.635000000,Add Order,1580395164635000000,A,493505,S,5600.0,25.18,251800.0,XIU,9.0,,,,,,,,,,,,,,
2020-01-30 09:39:24.652000000,Add Order,1580395164652000000,A,493505,S,5600.0,25.22,252200.0,XIU,9.0,,,,,,,,,,,,,,
2020-01-30 09:39:25.062000000,Add Order,1580395165062000000,A,493504,B,5600.0,25.11,251100.0,XIU,9.0,,,,,,,,,,,,,,
2020-01-30 09:39:25.062000000,Add Order,1580395165062000000,A,493504,B,5600.0,25.15,251500.0,XIU,9.0,,,,,,,,,,,,,,
2020-01-30 09:39:28.907000000,Add Order,1580395168907000000,A,493505,S,5600.0,25.18,251800.0,XIU,9.0,,,,,,,,,,,,,,
2020-01-30 09:39:31.626000000,Add Order,1580395171626000000,A,493505,S,5600.0,25.22,252200.0,XIU,9.0,,,,,,,,,,,,,,
2020-01-30 09:39:31.627000000,Add Order,1580395171627000000,A,493505,S,5600.0,25.18,251800.0,XIU,9.0,,,,,,,,,,,,,,
2020-01-30 09:39:31.708000000,Add Order,1580395171708000000,A,493505,S,5600.0,25.22,252200.0,XIU,9.0,,,,,,,,,,,,,,
2020-01-30 09:39:31.714000000,Add Order,1580395171714000000,A,493505,S,5600.0,25.18,251800.0,XIU,9.0,,,,,,,,,,,,,,
2020-01-30 09:39:31.726000000,Add Order,1580395171726000000,A,493505,S,5600.0,25.22,252200.0,XIU,9.0,,,,,,,,,,,,,,
2020-01-30 09:39:31.810000000,Add Order,1580395171810000000,A,493505,S,5600.0,25.18,251800.0,XIU,9.0,,,,,,,,,,,,,,
2020-01-30 09:39:31.851000000,Add Order,1580395171851000000,A,493505,S,5600.0,25.22,252200.0,XIU,9.0,,,,,,,,,,,,,,
2020-01-30 09:39:31.956000000,Add Order,1580395171956000000,A,493505,S,5600.0,25.18,251800.0,XIU,9.0,,,,,,,,,,,,,,
2020-01-30 09:39:31.956000000,Add Order,1580395171956000000,A,493505,S,5600.0,25.22,252200.0,XIU,9.0,,,,,,,,,,,,,,
2020-01-30 09:39:33.006000000,Add Order,1580395173006000000,A,493505,S,5600.0,25.18,251800.0,XIU,9.0,,,,,,,,,,,,,,
2020-01-30 09:39:33.220000000,Add Order,1580395173220000000,A,493505,S,5600.0,25.22,252200.0,XIU,9.0,,,,,,,,,,,,,,
2020-01-30 09:39:33.228000000,Add Order,1580395173228000000,A,493505,S,5600.0,25.18,251800.0,XIU,9.0,,,,,,,,,,,,,,
2020-01-30 09:39:33.260000000,Add Order,1580395173260000000,A,493505,S,5600.0,25.22,252200.0,XIU,9.0,,,,,,,,,,,,,,
2020-01-30 09:39:33.267000000,Add Order,1580395173267000000,A,493505,S,5600.0,25.18,251800.0,XIU,9.0,,,,,,,,,,,,,,
2020-01-30 09:39:33.294000000,Add Order,1580395173294000000,A,493505,S,5600.0,25.22,252200.0,XIU,9.0,,,,,,,,,,,,,,
2020-01-30 09:39:33.300000000,Add Order,1580395173300000000,A,493505,S,5600.0,25.18,251800.0,XIU,9.0,,,,,,,,,,,,,,
2020-01-30 09:39:33.750000000,Add Order,1580395173750000000,A,493505,S,5600.0,25.22,252200.0,XIU,9.0,,,,,,,,,,,,,,
2020-01-30 09:39:33.750000000,Add Order,1580395173750000000,A,493505,S,5600.0,25.18,251800.0,XIU,9.0,,,,,,,,,,,,,,
2020-01-30 09:39:34.035000000,Add Order,1580395174035000000,A,493505,S,5600.0,25.22,252200.0,XIU,9.0,,,,,,,,,,,,,,
2020-01-30 09:39:41.855000000,Add Order,1580395181855000000,A,493505,S,5600.0,25.18,251800.0,XIU,9.0,,,,,,,,,,,,,,
2020-01-30 09:39:42.081000000,Add Order,1580395182081000000,A,493505,S,5600.0,25.22,252200.0,XIU,9.0,,,,,,,,,,,,,,
2020-01-30 09:39:42.291000000,Add Order,1580395182291000000,A,493505,S,5600.0,25.18,251800.0,XIU,9.0,,,,,,,,,,,,,,
2020-01-30 09:39:42.606000000,Add Order,1580395182606000000,A,493505,S,5600.0,25.22,252200.0,XIU,9.0,,,,,,,,,,,,,,
2020-01-30 09:39:42.607000000,Add Order,1580395182607000000,A,493505,S,5600.0,25.18,251800.0,XIU,9.0,,,,,,,,,,,,,,
2020-01-30 09:39:42.612000000,Add Order,1580395182612000000,A,493505,S,5600.0,25.22,252200.0,XIU,9.0,,,,,,,,,,,,,,
2020-01-30 09:39:42.614000000,Add Order,1580395182614000000,A,493505,S,5600.0,25.18,251800.0,XIU,9.0,,,,,,,,,,,,,,
2020-01-30 09:39:42.627000000,Add Order,1580395182627000000,A,493505,S,5600.0,25.22,252200.0,XIU,9.0,,,,,,,,,,,,,,
2020-01-30 09:39:42.628000000,Add Order,1580395182628000000,A,493505,S,5600.0,25.18,251800.0,XIU,9.0,,,,,,,,,,,,,,
2020-01-30 09:39:42.641000000,Add Order,1580395182641000000,A,493505,S,5600.0,25.22,252200.0,XIU,9.0,,,,,,,,,,,,,,
2020-01-30 09:39:42.644000000,Add Order,1580395182644000000,A,493505,S,5600.0,25.18,251800.0,XIU,9.0,,,,,,,,,,,,,,
2020-01-30 09:39:42.647000000,Add Order,1580395182647000000,A,493505,S,5600.0,25.22,252200.0,XIU,9.0,,,,,,,,,,,,,,
2020-01-30 09:39:42.647000000,Add Order,1580395182647000000,A,493505,S,5600.0,25.18,251800.0,XIU,9.0,,,,,,,,,,,,,,
2020-01-30 09:39:47.504000000,Add Order,1580395187504000000,A,493504,B,5600.0,25.11,251100.0,XIU,9.0,,,,,,,,,,,,,,
2020-01-30 09:39:47.601000000,Add Order,1580395187601000000,A,493504,B,5600.0,25.15,251500.0,XIU,9.0,,,,,,,,,,,,,,
2020-01-30 09:39:47.669000000,Add Order,1580395187669000000,A,493504,B,5600.0,25.11,251100.0,XIU,9.0,,,,,,,,,,,,,,
2020-01-30 09:39:47.686000000,Add Order,1580395187686000000,A,493504,B,5600.0,25.15,251500.0,XIU,9.0,,,,,,,,,,,,,,
2020-01-30 09:39:48.025000000,Add Order,1580395188025000000,A,493504,B,5600.0,25.11,251100.0,XIU,9.0,,,,,,,,,,,,,,
2020-01-30 09:39:48.052000000,Add Order,1580395188052000000,A,493504,B,5600.0,25.15,251500.0,XIU,9.0,,,,,,,,,,,,,,
2020-01-30 09:39:48.503000000,Add Order,1580395188503000000,A,493504,B,5600.0,25.11,251100.0,XIU,9.0,,,,,,,,,,,,,,
2020-01-30 09:39:48.530000000,Add Order,1580395188530000000,A,493504,B,5600.0,25.15,251500.0,XIU,9.0,,,,,,,,,,,,,,
2020-01-30 09:39:48.558000000,Add Order,1580395188558000000,A,493504,B,5600.0,25.11,251100.0,XIU,9.0,,,,,,,,,,,,,,
2020-01-30 09:39:50.089000000,Add Order,1580395190089000000,A,493505,S,5600.0,25.22,252200.0,XIU,9.0,,,,,,,,,,,,,,
2020-01-30 09:39:50.099000000,Add Order,1580395190099000000,A,493505,S,5600.0,25.18,251800.0,XIU,9.0,,,,,,,,,,,,,,
2020-01-30 09:39:50.100000000,Add Order,1580395190100000000,A,493505,S,5600.0,25.22,252200.0,XIU,9.0,,,,,,,,,,,,,,
2020-01-30 09:39:50.100000000,Add Order,1580395190100000000,A,493505,S,5600.0,25.18,251800.0,XIU,9.0,,,,,,,,,,,,,,
2020-01-30 09:39:50.102000000,Add Order,1580395190102000000,A,493505,S,5600.0,25.22,252200.0,XIU,9.0,,,,,,,,,,,,,,
2020-01-30 09:39:50.227000000,Add Order,1580395190227000000,A,493505,S,5600.0,25.18,251800.0,XIU,9.0,,,,,,,,,,,,,,
2020-01-30 09:39:52.244000000,Add Order,1580395192244000000,A,493504,B,5600.0,25.15,251500.0,XIU,9.0,,,,,,,,,,,,,,
2020-01-30 09:39:56.623000000,Add Order,1580395196623000000,A,493505,S,5600.0,25.22,252200.0,XIU,9.0,,,,,,,,,,,,,,
2020-01-30 09:39:57.452000000,Add Order,1580395197452000000,A,493505,S,5600.0,25.18,251800.0,XIU,9.0,,,,,,,,,,,,,,
2020-01-30 09:39:57.460000000,Add Order,1580395197460000000,A,493505,S,5600.0,25.22,252200.0,XIU,9.0,,,,,,,,,,,,,,
2020-01-30 09:39:57.511000000,Add Order,1580395197511000000,A,493505,S,5600.0,25.18,251800.0,XIU,9.0,,,,,,,,,,,,,,
2020-01-30 09:39:57.523000000,Add Order,1580395197523000000,A,493505,S,5600.0,25.22,252200.0,XIU,9.0,,,,,,,,,,,,,,
2020-01-30 09:39:57.527000000,Add Order,1580395197527000000,A,493505,S,5600.0,25.18,251800.0,XIU,9.0,,,,,,,,,,,,,,
2020-01-30 09:39:57.849000000,Add Order,1580395197849000000,A,493505,S,5600.0,25.22,252200.0,XIU,9.0,,,,,,,,,,,,,,
2020-01-30 09:39:59.117000000,Add Order,1580395199117000000,A,493505,S,5600.0,25.18,251800.0,XIU,9.0,,,,,,,,,,,,,,
2020-01-30 09:39:59.590000000,Add Order,1580395199590000000,A,493505,S,5600.0,25.22,252200.0,XIU,9.0,,,,,,,,,,,,,,
2020-01-30 09:40:00.243000000,Add Order,1580395200243000000,A,493505,S,5600.0,25.18,251800.0,XIU,9.0,,,,,,,,,,,,,,
2020-01-30 09:40:00.244000000,Add Order,1580395200244000000,A,493505,S,5600.0,25.22,252200.0,XIU,9.0,,,,,,,,,,,,,,
2020-01-30 09:40:00.249000000,Add Order,1580395200249000000,A,493505,S,5600.0,25.18,251800.0,XIU,9.0,,,,,,,,,,,,,,
2020-01-30 09:40:00.289000000,Add Order,1580395200289000000,A,493505,S,5600.0,25.22,252200.0,XIU,9.0,,,,,,,,,,,,,,
2020-01-30 09:40:00.289000000,Add Order,1580395200289000000,A,493505,S,5600.0,25.18,251800.0,XIU,9.0,,,,,,,,,,,,,,
2020-01-30 09:40:00.726000000,Add Order,1580395200726000000,A,493505,S,5600.0,25.22,252200.0,XIU,9.0,,,,,,,,,,,,,,
2020-01-30 09:40:00.729000000,Add Order,1580395200729000000,A,493505,S,5600.0,25.18,251800.0,XIU,9.0,,,,,,,,,,,,,,
2020-01-30 09:40:00.741000000,Add Order,1580395200741000000,A,493505,S,5600.0,25.22,252200.0,XIU,9.0,,,,,,,,,,,,,,
2020-01-30 09:40:00.744000000,Add Order,1580395200744000000,A,493505,S,5600.0,25.18,251800.0,XIU,9.0,,,,,,,,,,,,,,
2020-01-30 09:40:00.756000000,Add Order,1580395200756000000,A,493505,S,5600.0,25.22,252200.0,XIU,9.0,,,,,,,,,,,,,,
2020-01-30 09:40:00.761000000,Add Order,1580395200761000000,A,493505,S,5600.0,25.18,251800.0,XIU,9.0,,,,,,,,,,,,,,
2020-01-30 09:40:00.771000000,Add Order,1580395200771000000,A,493505,S,5600.0,25.22,252200.0,XIU,9.0,,,,,,,,,,,,,,
2020-01-30 09:40:00.778000000,Add Order,1580395200778000000,A,493505,S,5600.0,25.18,251800.0,XIU,9.0,,,,,,,,,,,,,,
2020-01-30 09:40:00.788000000,Add Order,1580395200788000000,A,493505,S,5600.0,25.22,252200.0,XIU,9.0,,,,,,,,,,,,,,
2020-01-30 09:40:00.829000000,Add Order,1580395200829000000,A,493505,S,5600.0,25.18,251800.0,XIU,9.0,,,,,,,,,,,,,,
2020-01-30 09:40:01.440000000,Add Order,1580395201440000000,A,493505,S,5600.0,25.22,252200.0,XIU,9.0,,,,,,,,,,,,,,
2020-01-30 09:40:01.469000000,Add Order,1580395201469000000,A,493505,S,5600.0,25.18,251800.0,XIU,9.0,,,,,,,,,,,,,,
2020-01-30 09:40:01.506000000,Add Order,1580395201506000000,A,493505,S,5600.0,25.22,252200.0,XIU,9.0,,,,,,,,,,,,,,
2020-01-30 09:40:01.613000000,Add Order,1580395201613000000,A,493505,S,5600.0,25.18,251800.0,XIU,9.0,,,,,,,,,,,,,,
2020-01-30 09:40:01.627000000,Add Order,1580395201627000000,A,493505,S,5600.0,25.22,252200.0,XIU,9.0,,,,,,,,,,,,,,
2020-01-30 09:40:07.013000000,Add Order,1580395207013000000,A,493505,S,5600.0,25.18,251800.0,XIU,9.0,,,,,,,,,,,,,,
2020-01-30 09:40:07.033000000,Add Order,1580395207033000000,A,493505,S,5600.0,25.22,252200.0,XIU,9.0,,,,,,,,,,,,,,
2020-01-30 09:40:17.355000000,Add Order,1580395217355000000,A,493505,S,5600.0,25.18,251800.0,XIU,9.0,,,,,,,,,,,,,,
2020-01-30 09:40:20.925000000,Add Order,1580395220925000000,A,493504,B,5600.0,25.11,251100.0,XIU,9.0,,,,,,,,,,,,,,
2020-01-30 09:40:22.694000000,Add Order,1580395222694000000,A,493504,B,5600.0,25.15,251500.0,XIU,9.0,,,,,,,,,,,,,,
2020-01-30 09:40:22.695000000,Add Order,1580395222695000000,A,493504,B,5600.0,25.11,251100.0,XIU,9.0,,,,,,,,,,,,,,
2020-01-30 09:40:22.703000000,Add Order,1580395222703000000,A,493504,B,5600.0,25.15,251500.0,XIU,9.0,,,,,,,,,,,,,,
2020-01-30 09:40:22.704000000,Add Order,1580395222704000000,A,493504,B,5600.0,25.11,251100.0,XIU,9.0,,,,,,,,,,,,,,
2020-01-30 09:40:28.647000000,Add Order,1580395228647000000,A,493501,S,5600.0,25.17,251700.0,XIU,9.0,,,,,,,,,,,,,,
2020-01-30 09:40:28.648000000,Add Order,1580395228648000000,A,493501,S,5600.0,25.21,252100.0,XIU,9.0,,,,,,,,,,,,,,
2020-01-30 09:40:28.665000000,Add Order,1580395228665000000,A,493501,S,5600.0,25.17,251700.0,XIU,9.0,,,,,,,,,,,,,,
