time,Msg Type,Time Stamp,Message Type,Order Reference,Buy/Sell Indicator,Shares,Price Decimal,Price,Stock,Broker,Executed Shares,Trade Reference,Contra Order Reference,Trade Attribute,Contra Broker,Cancelled Shares,Cross Type,Settlement Terms,Event Code,Trading State,Listing Market,Board Lot Size,Currency,GEF Eligible
2020-01-30 09:30:00.015000000,Add Order,1580394600015000000,A,53418,B,29700.0,24.15,241500.0,XIU,79.0,,,,,,,,,,,,,,
2020-01-30 09:30:00.015000000,Add Order,1580394600015000000,A,53419,S,29700.0,26.17,261700.0,XIU,79.0,,,,,,,,,,,,,,
2020-01-30 09:30:00.017000000,Add Order,1580394600017000000,A,53766,S,29700.0,26.18,261800.0,XIU,79.0,,,,,,,,,,,,,,
2020-01-30 09:30:00.017000000,Add Order,1580394600017000000,A,53768,B,29700.0,24.14,241400.0,XIU,79.0,,,,,,,,,,,,,,
2020-01-30 09:30:00.166000000,Add Order,1580394600166000000,A,58071,B,29700.0,25.15,251500.0,XIU,79.0,,,,,,,,,,,,,,
2020-01-30 09:30:00.166000000,Add Order,1580394600166000000,A,58072,S,29700.0,25.19,251900.0,XIU,79.0,,,,,,,,,,,,,,
2020-01-30 09:30:00.169000000,Add Order,1580394600169000000,A,58149,S,29700.0,25.2,252000.0,XIU,79.0,,,,,,,,,,,,,,
2020-01-30 09:30:00.169000000,Add Order,1580394600169000000,A,58150,B,29700.0,25.14,251400.0,XIU,79.0,,,,,,,,,,,,,,
2020-01-30 09:30:00.183000000,Add Order,1580394600183000000,A,58513,S,29700.0,25.21,252100.0,XIU,79.0,,,,,,,,,,,,,,
2020-01-30 09:30:00.213000000,Add Order,1580394600213000000,A,59050,B,2000.0,25.09,250900.0,XIU,79.0,,,,,,,,,,,,,,
2020-01-30 09:30:00.213000000,Add Order,1580394600213000000,A,59051,S,2000.0,25.35,253500.0,XIU,79.0,,,,,,,,,,,,,,
2020-01-30 09:30:00.214000000,Add Order,1580394600214000000,A,59121,B,2000.0,25.08,250800.0,XIU,79.0,,,,,,,,,,,,,,
2020-01-30 09:30:00.214000000,Add Order,1580394600214000000,A,59122,S,2000.0,25.36,253600.0,XIU,79.0,,,,,,,,,,,,,,
2020-01-30 09:30:00.215000000,Add Order,1580394600215000000,A,59189,B,2000.0,25.07,250700.0,XIU,79.0,,,,,,,,,,,,,,
2020-01-30 09:30:00.215000000,Add Order,1580394600215000000,A,59191,S,2000.0,25.37,253700.0,XIU,79.0,,,,,,,,,,,,,,
2020-01-30 09:30:00.315000000,Add Order,1580394600315000000,A,61283,S,29700.0,25.19,251900.0,XIU,79.0,,,,,,,,,,,,,,
2020-01-30 09:30:00.337000000,Add Order,1580394600337000000,A,61564,B,800.0,25.16,251600.0,XIU,79.0,,,,,,,,,,,,,,
2020-01-30 09:30:00.340000000,Add Order,1580394600340000000,A,61625,B,19800.0,25.17,251700.0,XIU,79.0,,,,,,,,,,,,,,
2020-01-30 09:30:00.340000000,Add Order,1580394600340000000,A,61626,S,29700.0,25.19,251900.0,XIU,79.0,,,,,,,,,,,,,,
2020-01-30 09:30:00.340000000,Add Order,1580394600340000000,A,53768,B,19800.0,24.14,241400.0,XIU,79.0,,,,,,,,,,,,,,
2020-01-30 09:30:00.343000000,Add Order,1580394600343000000,A,61661,B,29700.0,25.16,251600.0,XIU,79.0,,,,,,,,,,,,,,
2020-01-30 09:30:00.343000000,Add Order,1580394600343000000,A,53418,B,19800.0,24.15,241500.0,XIU,79.0,,,,,,,,,,,,,,
2020-01-30 09:30:00.366000000,Add Order,1580394600366000000,A,61625,B,9900.0,25.17,251700.0,XIU,79.0,,,,,,,,,,,,,,
2020-01-30 09:30:00.368000000,Add Order,1580394600368000000,A,62001,B,9900.0,25.17,251700.0,XIU,79.0,,,,,,,,,,,,,,
2020-01-30 09:30:00.446000000,Add Order,1580394600446000000,A,63325,B,19800.0,25.17,251700.0,XIU,79.0,,,,,,,,,,,,,,
2020-01-30 09:30:00.448000000,Add Order,1580394600448000000,A,63364,B,29700.0,25.16,251600.0,XIU,79.0,,,,,,,,,,,,,,
2020-01-30 09:30:00.663000000,Add Order,1580394600663000000,A,66984,B,9900.0,25.17,251700.0,XIU,79.0,,,,,,,,,,,,,,
2020-01-30 09:30:00.666000000,Add Order,1580394600666000000,A,67027,B,29700.0,25.16,251600.0,XIU,79.0,,,,,,,,,,,,,,
2020-01-30 09:30:00.715000000,Add Order,1580394600715000000,A,68030,S,2000.0,25.3,253000.0,XIU,79.0,,,,,,,,,,,,,,
2020-01-30 09:30:00.715000000,Add Order,1580394600715000000,A,68032,B,2000.0,25.04,250400.0,XIU,79.0,,,,,,,,,,,,,,
2020-01-30 09:30:00.716000000,Add Order,1580394600716000000,A,68111,B,2000.0,25.03,250300.0,XIU,79.0,,,,,,,,,,,,,,
2020-01-30 09:30:00.716000000,Add Order,1580394600716000000,A,68112,S,2000.0,25.31,253100.0,XIU,79.0,,,,,,,,,,,,,,
2020-01-30 09:30:00.717000000,Add Order,1580394600717000000,A,68172,B,2000.0,25.02,250200.0,XIU,79.0,,,,,,,,,,,,,,
2020-01-30 09:30:00.717000000,Add Order,1580394600717000000,A,68174,S,2000.0,25.32,253200.0,XIU,79.0,,,,,,,,,,,,,,
2020-01-30 09:30:00.727000000,Add Order,1580394600727000000,A,68441,B,9900.0,25.17,251700.0,XIU,79.0,,,,,,,,,,,,,,
2020-01-30 09:30:01.022000000,Add Order,1580394601022000000,A,74004,B,9900.0,25.17,251700.0,XIU,79.0,,,,,,,,,,,,,,
2020-01-30 09:30:01.217000000,Add Order,1580394601217000000,A,78271,S,2000.0,25.33,253300.0,XIU,79.0,,,,,,,,,,,,,,
2020-01-30 09:30:01.217000000,Add Order,1580394601217000000,A,78274,B,2000.0,25.01,250100.0,XIU,79.0,,,,,,,,,,,,,,
2020-01-30 09:30:01.218000000,Add Order,1580394601218000000,A,78321,B,2000.0,25.0,250000.0,XIU,79.0,,,,,,,,,,,,,,
2020-01-30 09:30:01.218000000,Add Order,1580394601218000000,A,78322,S,2000.0,25.34,253400.0,XIU,79.0,,,,,,,,,,,,,,
2020-01-30 09:30:01.219000000,Add Order,1580394601219000000,A,78349,B,2000.0,24.99,249900.0,XIU,79.0,,,,,,,,,,,,,,
2020-01-30 09:30:01.219000000,Add Order,1580394601219000000,A,78351,S,2000.0,25.38,253800.0,XIU,79.0,,,,,,,,,,,,,,
2020-01-30 09:30:01.476000000,Add Order,1580394601476000000,A,82101,B,9900.0,25.17,251700.0,XIU,79.0,,,,,,,,,,,,,,
2020-01-30 09:30:01.720000000,Add Order,1580394601720000000,A,85700,B,2000.0,25.07,250700.0,XIU,79.0,,,,,,,,,,,,,,
2020-01-30 09:30:01.720000000,Add Order,1580394601720000000,A,85701,S,2000.0,25.27,252700.0,XIU,79.0,,,,,,,,,,,,,,
2020-01-30 09:30:01.721000000,Add Order,1580394601721000000,A,85717,S,2000.0,25.28,252800.0,XIU,79.0,,,,,,,,,,,,,,
2020-01-30 09:30:01.721000000,Add Order,1580394601721000000,A,85721,B,2000.0,25.06,250600.0,XIU,79.0,,,,,,,,,,,,,,
2020-01-30 09:30:01.722000000,Add Order,1580394601722000000,A,85749,B,2000.0,25.05,250500.0,XIU,79.0,,,,,,,,,,,,,,
2020-01-30 09:30:01.722000000,Add Order,1580394601722000000,A,85752,S,2000.0,25.29,252900.0,XIU,79.0,,,,,,,,,,,,,,
2020-01-30 09:30:02.016000000,Add Order,1580394602016000000,A,89606,B,100.0,25.16,251600.0,XIU,79.0,,,,,,,,,,,,,,
2020-01-30 09:30:02.018000000,Add Order,1580394602018000000,A,89622,B,100.0,25.15,251500.0,XIU,79.0,,,,,,,,,,,,,,
2020-01-30 09:30:02.019000000,Add Order,1580394602019000000,A,89638,B,100.0,25.14,251400.0,XIU,79.0,,,,,,,,,,,,,,
2020-01-30 09:30:02.222000000,Add Order,1580394602222000000,A,93054,B,2000.0,25.09,250900.0,XIU,79.0,,,,,,,,,,,,,,
2020-01-30 09:30:02.222000000,Add Order,1580394602222000000,A,93055,S,2000.0,25.23,252300.0,XIU,79.0,,,,,,,,,,,,,,
2020-01-30 09:30:02.223000000,Add Order,1580394602223000000,A,93069,B,2000.0,25.08,250800.0,XIU,79.0,,,,,,,,,,,,,,
2020-01-30 09:30:02.223000000,Add Order,1580394602223000000,A,93071,S,2000.0,25.24,252400.0,XIU,79.0,,,,,,,,,,,,,,
2020-01-30 09:30:02.224000000,Add Order,1580394602224000000,A,93088,S,2000.0,25.25,252500.0,XIU,79.0,,,,,,,,,,,,,,
2020-01-30 09:30:02.262000000,Add Order,1580394602262000000,A,93472,B,2000.0,25.1,251000.0,XIU,79.0,,,,,,,,,,,,,,
2020-01-30 09:30:02.446000000,Add Order,1580394602446000000,A,95896,B,9900.0,25.17,251700.0,XIU,79.0,,,,,,,,,,,,,,
2020-01-30 09:30:02.453000000,Add Order,1580394602453000000,A,96026,B,9900.0,25.17,251700.0,XIU,79.0,,,,,,,,,,,,,,
2020-01-30 09:30:02.572000000,Add Order,1580394602572000000,A,97484,B,9900.0,25.17,251700.0,XIU,79.0,,,,,,,,,,,,,,
2020-01-30 09:30:02.725000000,Add Order,1580394602725000000,A,98891,S,2000.0,25.22,252200.0,XIU,79.0,,,,,,,,,,,,,,
2020-01-30 09:30:02.726000000,Add Order,1580394602726000000,A,98904,S,2000.0,25.26,252600.0,XIU,79.0,,,,,,,,,,,,,,
2020-01-30 09:30:02.747000000,Add Order,1580394602747000000,A,99147,S,100.0,25.18,251800.0,XIU,79.0,,,,,,,,,,,,,,
2020-01-30 09:30:02.763000000,Add Order,1580394602763000000,A,99353,B,2000.0,25.12,251200.0,XIU,79.0,,,,,,,,,,,,,,
2020-01-30 09:30:02.764000000,Add Order,1580394602764000000,A,99378,B,2000.0,25.11,251100.0,XIU,79.0,,,,,,,,,,,,,,
2020-01-30 09:30:02.860000000,Add Order,1580394602860000000,A,100181,S,2000.0,25.21,252100.0,XIU,79.0,,,,,,,,,,,,,,
2020-01-30 09:30:02.962000000,Add Order,1580394602962000000,A,101484,B,2000.0,25.13,251300.0,XIU,79.0,,,,,,,,,,,,,,
2020-01-30 09:30:03.360000000,Add Order,1580394603360000000,A,105757,S,2000.0,25.2,252000.0,XIU,79.0,,,,,,,,,,,,,,
2020-01-30 09:30:03.462000000,Add Order,1580394603462000000,A,106837,B,2000.0,25.13,251300.0,XIU,79.0,,,,,,,,,,,,,,
2020-01-30 09:30:03.862000000,Add Order,1580394603862000000,A,110306,S,2000.0,25.19,251900.0,XIU,79.0,,,,,,,,,,,,,,
2020-01-30 09:30:03.950000000,Add Order,1580394603950000000,A,111207,S,2000.0,25.29,252900.0,XIU,79.0,,,,,,,,,,,,,,
2020-01-30 09:30:03.958000000,Add Order,1580394603958000000,A,67027,B,19800.0,25.16,251600.0,XIU,79.0,,,,,,,,,,,,,,
2020-01-30 09:30:03.959000000,Add Order,1580394603959000000,A,111286,S,200.0,25.18,251800.0,XIU,79.0,,,,,,,,,,,,,,
2020-01-30 09:30:03.961000000,Add Order,1580394603961000000,A,111305,B,9900.0,25.16,251600.0,XIU,79.0,,,,,,,,,,,,,,
2020-01-30 09:30:03.962000000,Add Order,1580394603962000000,A,111310,B,2000.0,25.14,251400.0,XIU,79.0,,,,,,,,,,,,,,
2020-01-30 09:30:03.980000000,Add Order,1580394603980000000,A,111864,S,2000.0,25.19,251900.0,XIU,79.0,,,,,,,,,,,,,,
2020-01-30 09:30:04.104000000,Add Order,1580394604104000000,A,113196,S,200.0,25.18,251800.0,XIU,79.0,,,,,,,,,,,,,,
2020-01-30 09:30:04.149000000,Add Order,1580394604149000000,A,113403,B,2000.0,25.04,250400.0,XIU,79.0,,,,,,,,,,,,,,
2020-01-30 09:30:04.151000000,Add Order,1580394604151000000,A,113440,S,200.0,25.18,251800.0,XIU,79.0,,,,,,,,,,,,,,
2020-01-30 09:30:04.319000000,Add Order,1580394604319000000,A,114790,B,9900.0,25.16,251600.0,XIU,79.0,,,,,,,,,,,,,,
2020-01-30 09:30:04.480000000,Add Order,1580394604480000000,A,115977,S,2000.0,25.19,251900.0,XIU,79.0,,,,,,,,,,,,,,
2020-01-30 09:30:04.533000000,Add Order,1580394604533000000,A,116266,B,2000.0,25.14,251400.0,XIU,79.0,,,,,,,,,,,,,,
2020-01-30 09:30:04.608000000,Add Order,1580394604608000000,A,117137,B,2000.0,25.04,250400.0,XIU,79.0,,,,,,,,,,,,,,
2020-01-30 09:30:04.646000000,Add Order,1580394604646000000,A,117373,B,29700.0,25.17,251700.0,XIU,79.0,,,,,,,,,,,,,,
2020-01-30 09:30:04.662000000,Add Order,1580394604662000000,A,117509,B,2000.0,25.14,251400.0,XIU,79.0,,,,,,,,,,,,,,
2020-01-30 09:30:04.702000000,Add Order,1580394604702000000,A,117373,B,19800.0,25.17,251700.0,XIU,79.0,,,,,,,,,,,,,,
2020-01-30 09:30:04.942000000,Add Order,1580394604942000000,A,119896,S,2000.0,25.18,251800.0,XIU,79.0,,,,,,,,,,,,,,
2020-01-30 09:30:04.953000000,Add Order,1580394604953000000,A,120034,B,100.0,25.13,251300.0,XIU,79.0,,,,,,,,,,,,,,
2020-01-30 09:30:04.956000000,Add Order,1580394604956000000,A,120109,S,2000.0,25.28,252800.0,XIU,79.0,,,,,,,,,,,,,,
2020-01-30 09:30:04.967000000,Add Order,1580394604967000000,A,120294,B,100.0,25.16,251600.0,XIU,79.0,,,,,,,,,,,,,,
2020-01-30 09:30:05.163000000,Add Order,1580394605163000000,A,122645,B,2000.0,25.14,251400.0,XIU,79.0,,,,,,,,,,,,,,
2020-01-30 09:30:05.414000000,Add Order,1580394605414000000,A,124871,B,9900.0,25.17,251700.0,XIU,79.0,,,,,,,,,,,,,,
2020-01-30 09:30:05.636000000,Add Order,1580394605636000000,A,126951,B,900.0,25.17,251700.0,XIU,79.0,,,,,,,,,,,,,,
2020-01-30 09:30:06.069000000,Add Order,1580394606069000000,A,129970,B,19800.0,25.17,251700.0,XIU,79.0,,,,,,,,,,,,,,
2020-01-30 09:30:06.137000000,Add Order,1580394606137000000,A,130351,B,19800.0,25.17,251700.0,XIU,79.0,,,,,,,,,,,,,,
2020-01-30 09:30:06.206000000,Add Order,1580394606206000000,A,130616,B,19800.0,25.17,251700.0,XIU,79.0,,,,,,,,,,,,,,
2020-01-30 09:30:06.306000000,Add Order,1580394606306000000,A,131427,B,2000.0,25.15,251500.0,XIU,79.0,,,,,,,,,,,,,,
2020-01-30 09:30:06.319000000,Add Order,1580394606319000000,A,131582,B,9900.0,25.17,251700.0,XIU,79.0,,,,,,,,,,,,,,
2020-01-30 09:30:06.601000000,Add Order,1580394606601000000,A,133717,B,9900.0,25.17,251700.0,XIU,79.0,,,,,,,,,,,,,,
2020-01-30 09:30:06.816000000,Add Order,1580394606816000000,A,134623,B,2000.0,25.05,250500.0,XIU,79.0,,,,,,,,,,,,,,
2020-01-30 09:30:06.818000000,Add Order,1580394606818000000,A,134650,B,100.0,25.17,251700.0,XIU,79.0,,,,,,,,,,,,,,
2020-01-30 09:30:06.922000000,Add Order,1580394606922000000,A,135374,B,2000.0,25.15,251500.0,XIU,79.0,,,,,,,,,,,,,,
2020-01-30 09:30:07.437000000,Order Execution,1580394607437000000,E,61626,,,,,,79.0,8000.0,3002026.0,138679.0,,80.0,,,,,,,,,
2020-01-30 09:30:07.437000000,Add Order,1580394607437000000,A,61626,S,19800.0,25.19,251900.0,XIU,79.0,,,,,,,,,,,,,,
2020-01-30 09:30:07.437000000,Add Order,1580394607437000000,A,61626,S,9900.0,25.19,251900.0,XIU,79.0,,,,,,,,,,,,,,
2020-01-30 09:30:07.440000000,Add Order,1580394607440000000,A,138739,S,9900.0,25.19,251900.0,XIU,79.0,,,,,,,,,,,,,,
2020-01-30 09:30:07.443000000,Order Execution,1580394607443000000,E,115977,,,,,,79.0,2000.0,3002040.0,138818.0,,80.0,,,,,,,,,
2020-01-30 09:30:07.443000000,Order Execution,1580394607443000000,E,61626,,,,,,79.0,9900.0,3002041.0,138818.0,,80.0,,,,,,,,,
2020-01-30 09:30:07.443000000,Add Order,1580394607443000000,A,138829,B,100.0,25.18,251800.0,XIU,79.0,,,,,,,,,,,,,,
2020-01-30 09:30:07.446000000,Add Order,1580394607446000000,A,138957,S,19800.0,25.19,251900.0,XIU,79.0,,,,,,,,,,,,,,
2020-01-30 09:30:07.448000000,Add Order,1580394607448000000,A,139001,B,100.0,25.18,251800.0,XIU,79.0,,,,,,,,,,,,,,
2020-01-30 09:30:07.451000000,Add Order,1580394607451000000,A,139104,B,100.0,25.17,251700.0,XIU,79.0,,,,,,,,,,,,,,
2020-01-30 09:30:07.458000000,Order Execution,1580394607458000000,E,138957,,,,,,79.0,200.0,3002047.0,139176.0,,80.0,,,,,,,,,
2020-01-30 09:30:07.458000000,Add Order,1580394607458000000,A,138957,S,9900.0,25.19,251900.0,XIU,79.0,,,,,,,,,,,,,,
2020-01-30 09:30:07.459000000,Order Execution,1580394607459000000,E,138957,,,,,,79.0,9900.0,3002048.0,139188.0,,80.0,,,,,,,,,
2020-01-30 09:30:07.483000000,Add Order,1580394607483000000,A,139826,B,2000.0,25.16,251600.0,XIU,79.0,,,,,,,,,,,,,,
2020-01-30 09:30:07.484000000,Add Order,1580394607484000000,A,139861,B,2000.0,25.06,250600.0,XIU,79.0,,,,,,,,,,,,,,
2020-01-30 09:30:07.485000000,Add Order,1580394607485000000,A,139907,B,2000.0,25.16,251600.0,XIU,79.0,,,,,,,,,,,,,,
2020-01-30 09:30:07.543000000,Add Order,1580394607543000000,A,140579,S,2000.0,25.29,252900.0,XIU,79.0,,,,,,,,,,,,,,
2020-01-30 09:30:07.719000000,Add Order,1580394607719000000,A,141596,S,9900.0,25.19,251900.0,XIU,79.0,,,,,,,,,,,,,,
2020-01-30 09:30:07.887000000,Add Order,1580394607887000000,A,142535,S,19800.0,25.19,251900.0,XIU,79.0,,,,,,,,,,,,,,
2020-01-30 09:30:09.110000000,Add Order,1580394609110000000,A,151433,B,2000.0,25.06,250600.0,XIU,79.0,,,,,,,,,,,,,,
2020-01-30 09:30:09.146000000,Add Order,1580394609146000000,A,151780,B,2000.0,25.16,251600.0,XIU,79.0,,,,,,,,,,,,,,
2020-01-30 09:30:09.166000000,Add Order,1580394609166000000,A,151904,B,3200.0,25.17,251700.0,XIU,79.0,,,,,,,,,,,,,,
2020-01-30 09:30:09.167000000,Add Order,1580394609167000000,A,151921,B,3200.0,25.16,251600.0,XIU,79.0,,,,,,,,,,,,,,
2020-01-30 09:30:09.167000000,Add Order,1580394609167000000,A,151932,B,3200.0,25.15,251500.0,XIU,79.0,,,,,,,,,,,,,,
2020-01-30 09:30:09.196000000,Add Order,1580394609196000000,A,152127,B,2000.0,25.06,250600.0,XIU,79.0,,,,,,,,,,,,,,
2020-01-30 09:30:09.846000000,Add Order,1580394609846000000,A,156431,B,2000.0,25.16,251600.0,XIU,79.0,,,,,,,,,,,,,,
2020-01-30 09:30:10.026000000,Add Order,1580394610026000000,A,157615,B,2000.0,25.06,250600.0,XIU,79.0,,,,,,,,,,,,,,
2020-01-30 09:30:10.109000000,Add Order,1580394610109000000,A,158766,B,2000.0,25.16,251600.0,XIU,79.0,,,,,,,,,,,,,,
2020-01-30 09:30:10.170000000,Add Order,1580394610170000000,A,160023,B,3300.0,25.18,251800.0,XIU,79.0,,,,,,,,,,,,,,
2020-01-30 09:30:10.173000000,Add Order,1580394610173000000,A,160039,B,9900.0,25.18,251800.0,XIU,79.0,,,,,,,,,,,,,,
2020-01-30 09:30:10.254000000,Add Order,1580394610254000000,A,160781,S,2000.0,25.19,251900.0,XIU,79.0,,,,,,,,,,,,,,
2020-01-30 09:30:10.259000000,Add Order,1580394610259000000,A,160866,B,100.0,25.18,251800.0,XIU,79.0,,,,,,,,,,,,,,
2020-01-30 09:30:10.260000000,Add Order,1580394610260000000,A,160924,S,2000.0,25.29,252900.0,XIU,79.0,,,,,,,,,,,,,,
2020-01-30 09:30:10.263000000,Add Order,1580394610263000000,A,160984,B,3200.0,25.14,251400.0,XIU,79.0,,,,,,,,,,,,,,
2020-01-30 09:30:10.269000000,Add Order,1580394610269000000,A,161084,B,3300.0,25.17,251700.0,XIU,79.0,,,,,,,,,,,,,,
2020-01-30 09:30:10.293000000,Add Order,1580394610293000000,A,161449,S,2000.0,25.3,253000.0,XIU,79.0,,,,,,,,,,,,,,
2020-01-30 09:30:10.508000000,Add Order,1580394610508000000,A,163261,B,3300.0,25.18,251800.0,XIU,79.0,,,,,,,,,,,,,,
2020-01-30 09:30:10.510000000,Add Order,1580394610510000000,A,163263,B,19800.0,25.18,251800.0,XIU,79.0,,,,,,,,,,,,,,
2020-01-30 09:30:10.609000000,Add Order,1580394610609000000,A,164335,B,2000.0,25.16,251600.0,XIU,79.0,,,,,,,,,,,,,,
2020-01-30 09:30:10.698000000,Add Order,1580394610698000000,A,164720,B,9900.0,25.18,251800.0,XIU,79.0,,,,,,,,,,,,,,
2020-01-30 09:30:10.793000000,Add Order,1580394610793000000,A,165362,S,2000.0,25.2,252000.0,XIU,79.0,,,,,,,,,,,,,,
2020-01-30 09:30:10.876000000,Add Order,1580394610876000000,A,165932,S,2000.0,25.3,253000.0,XIU,79.0,,,,,,,,,,,,,,
2020-01-30 09:30:10.943000000,Add Order,1580394610943000000,A,166312,S,2000.0,25.2,252000.0,XIU,79.0,,,,,,,,,,,,,,
2020-01-30 09:30:11.108000000,Add Order,1580394611108000000,A,167212,B,9900.0,25.18,251800.0,XIU,79.0,,,,,,,,,,,,,,
2020-01-30 09:30:11.208000000,Add Order,1580394611208000000,A,167986,B,2000.0,25.06,250600.0,XIU,79.0,,,,,,,,,,,,,,
2020-01-30 09:30:11.222000000,Add Order,1580394611222000000,A,168055,B,2000.0,25.16,251600.0,XIU,79.0,,,,,,,,,,,,,,
2020-01-30 09:30:11.261000000,Add Order,1580394611261000000,A,168190,B,2000.0,25.06,250600.0,XIU,79.0,,,,,,,,,,,,,,
2020-01-30 09:30:11.462000000,Add Order,1580394611462000000,A,163263,B,9900.0,25.18,251800.0,XIU,79.0,,,,,,,,,,,,,,
2020-01-30 09:30:11.762000000,Add Order,1580394611762000000,A,171781,B,2000.0,25.16,251600.0,XIU,79.0,,,,,,,,,,,,,,
2020-01-30 09:30:12.126000000,Add Order,1580394612126000000,A,173464,B,2000.0,25.06,250600.0,XIU,79.0,,,,,,,,,,,,,,
2020-01-30 09:30:12.352000000,Add Order,1580394612352000000,A,174644,S,2000.0,25.19,251900.0,XIU,79.0,,,,,,,,,,,,,,
2020-01-30 09:30:12.383000000,Add Order,1580394612383000000,A,174831,S,2000.0,25.29,252900.0,XIU,79.0,,,,,,,,,,,,,,
2020-01-30 09:30:12.462000000,Add Order,1580394612462000000,A,175183,B,2000.0,25.16,251600.0,XIU,79.0,,,,,,,,,,,,,,
2020-01-30 09:30:12.634000000,Add Order,1580394612634000000,A,176076,S,3000.0,25.2,252000.0,XIU,79.0,,,,,,,,,,,,,,
2020-01-30 09:30:12.634000000,Add Order,1580394612634000000,A,176079,B,30000.0,25.15,251500.0,XIU,79.0,,,,,,,,,,,,,,
2020-01-30 09:30:12.641000000,Add Order,1580394612641000000,A,176163,S,3000.0,25.21,252100.0,XIU,79.0,,,,,,,,,,,,,,
2020-01-30 09:30:12.641000000,Add Order,1580394612641000000,A,176164,B,30000.0,25.14,251400.0,XIU,79.0,,,,,,,,,,,,,,
2020-01-30 09:30:12.643000000,Add Order,1580394612643000000,A,176209,B,30000.0,25.13,251300.0,XIU,79.0,,,,,,,,,,,,,,
2020-01-30 09:30:12.643000000,Add Order,1580394612643000000,A,176211,S,30000.0,25.22,252200.0,XIU,79.0,,,,,,,,,,,,,,
2020-01-30 09:30:12.660000000,Add Order,1580394612660000000,A,176587,B,2000.0,25.06,250600.0,XIU,79.0,,,,,,,,,,,,,,
2020-01-30 09:30:12.660000000,Add Order,1580394612660000000,A,176588,S,2000.0,25.19,251900.0,XIU,79.0,,,,,,,,,,,,,,
2020-01-30 09:30:12.692000000,Add Order,1580394612692000000,A,176781,S,2000.0,25.19,251900.0,XIU,79.0,,,,,,,,,,,,,,
2020-01-30 09:30:13.291000000,Add Order,1580394613291000000,A,180020,B,9900.0,25.18,251800.0,XIU,79.0,,,,,,,,,,,,,,
2020-01-30 09:30:13.407000000,Add Order,1580394613407000000,A,180519,B,2000.0,25.05,250500.0,XIU,79.0,,,,,,,,,,,,,,
2020-01-30 09:30:13.450000000,Add Order,1580394613450000000,A,180720,B,2000.0,25.15,251500.0,XIU,79.0,,,,,,,,,,,,,,
2020-01-30 09:30:13.451000000,Add Order,1580394613451000000,A,180749,B,2000.0,25.05,250500.0,XIU,79.0,,,,,,,,,,,,,,
2020-01-30 09:30:13.667000000,Add Order,1580394613667000000,A,182019,B,9900.0,25.18,251800.0,XIU,79.0,,,,,,,,,,,,,,
2020-01-30 09:30:14.142000000,Add Order,1580394614142000000,A,184500,S,1000.0,25.19,251900.0,XIU,79.0,,,,,,,,,,,,,,
2020-01-30 09:30:14.143000000,Add Order,1580394614143000000,A,184505,B,30000.0,25.12,251200.0,XIU,79.0,,,,,,,,,,,,,,
2020-01-30 09:30:14.143000000,Add Order,1580394614143000000,A,184508,S,27000.0,25.21,252100.0,XIU,79.0,,,,,,,,,,,,,,
2020-01-30 09:30:14.255000000,Add Order,1580394614255000000,A,185376,B,9900.0,25.17,251700.0,XIU,79.0,,,,,,,,,,,,,,
2020-01-30 09:30:16.049000000,Order Execution,1580394616049000000,E,141596,,,,,,79.0,300.0,3002745.0,197342.0,,39.0,,,,,,,,,
2020-01-30 09:30:17.037000000,Add Order,1580394617037000000,A,204778,S,2000.0,25.29,252900.0,XIU,79.0,,,,,,,,,,,,,,
2020-01-30 09:30:17.114000000,Add Order,1580394617114000000,A,205289,S,2000.0,25.19,251900.0,XIU,79.0,,,,,,,,,,,,,,
2020-01-30 09:30:17.327000000,Add Order,1580394617327000000,A,207213,S,2000.0,25.29,252900.0,XIU,79.0,,,,,,,,,,,,,,
2020-01-30 09:30:17.339000000,Add Order,1580394617339000000,A,207293,B,3300.0,25.17,251700.0,XIU,79.0,,,,,,,,,,,,,,
2020-01-30 09:30:17.606000000,Add Order,1580394617606000000,A,209678,B,3300.0,25.17,251700.0,XIU,79.0,,,,,,,,,,,,,,
2020-01-30 09:30:19.528000000,Add Order,1580394619528000000,A,221940,S,2000.0,25.19,251900.0,XIU,79.0,,,,,,,,,,,,,,
2020-01-30 09:30:19.541000000,Add Order,1580394619541000000,A,222119,B,30000.0,25.15,251500.0,XIU,79.0,,,,,,,,,,,,,,
2020-01-30 09:30:19.543000000,Add Order,1580394619543000000,A,222128,B,29700.0,25.18,251800.0,XIU,79.0,,,,,,,,,,,,,,
2020-01-30 09:30:19.837000000,Add Order,1580394619837000000,A,223855,S,2000.0,25.29,252900.0,XIU,79.0,,,,,,,,,,,,,,
2020-01-30 09:30:20.319000000,Add Order,1580394620319000000,A,226742,B,3300.0,25.17,251700.0,XIU,79.0,,,,,,,,,,,,,,
2020-01-30 09:30:20.379000000,Add Order,1580394620379000000,A,142535,S,300.0,25.19,251900.0,XIU,79.0,,,,,,,,,,,,,,
2020-01-30 09:30:20.556000000,Add Order,1580394620556000000,A,228335,B,2000.0,25.15,251500.0,XIU,79.0,,,,,,,,,,,,,,
2020-01-30 09:30:20.558000000,Add Order,1580394620558000000,A,228378,B,2000.0,25.05,250500.0,XIU,79.0,,,,,,,,,,,,,,
2020-01-30 09:30:20.561000000,Add Order,1580394620561000000,A,228396,B,2000.0,25.15,251500.0,XIU,79.0,,,,,,,,,,,,,,
2020-01-30 09:30:20.588000000,Add Order,1580394620588000000,A,228510,S,2000.0,25.19,251900.0,XIU,79.0,,,,,,,,,,,,,,
2020-01-30 09:30:20.684000000,Add Order,1580394620684000000,A,228932,B,3300.0,25.17,251700.0,XIU,79.0,,,,,,,,,,,,,,
2020-01-30 09:30:20.919000000,Add Order,1580394620919000000,A,229949,S,2000.0,25.29,252900.0,XIU,79.0,,,,,,,,,,,,,,
2020-01-30 09:30:20.929000000,Add Order,1580394620929000000,A,229993,B,3300.0,25.17,251700.0,XIU,79.0,,,,,,,,,,,,,,
2020-01-30 09:30:21.015000000,Add Order,1580394621015000000,A,230749,S,2000.0,25.19,251900.0,XIU,79.0,,,,,,,,,,,,,,
2020-01-30 09:30:21.025000000,Add Order,1580394621025000000,A,230794,S,9900.0,25.19,251900.0,XIU,79.0,,,,,,,,,,,,,,
2020-01-30 09:30:21.062000000,Add Order,1580394621062000000,A,230987,B,3300.0,25.17,251700.0,XIU,79.0,,,,,,,,,,,,,,
2020-01-30 09:30:21.087000000,Add Order,1580394621087000000,A,231182,B,3300.0,25.17,251700.0,XIU,79.0,,,,,,,,,,,,,,
2020-01-30 09:30:21.119000000,Add Order,1580394621119000000,A,231415,S,9900.0,25.19,251900.0,XIU,79.0,,,,,,,,,,,,,,
2020-01-30 09:30:21.121000000,Add Order,1580394621121000000,A,231447,S,2000.0,25.29,252900.0,XIU,79.0,,,,,,,,,,,,,,
2020-01-30 09:30:21.605000000,Add Order,1580394621605000000,A,234876,S,9900.0,25.19,251900.0,XIU,79.0,,,,,,,,,,,,,,
2020-01-30 09:30:21.606000000,Add Order,1580394621606000000,A,234881,B,2000.0,25.05,250500.0,XIU,79.0,,,,,,,,,,,,,,
2020-01-30 09:30:21.622000000,Add Order,1580394621622000000,A,234962,S,2000.0,25.19,251900.0,XIU,79.0,,,,,,,,,,,,,,
2020-01-30 09:30:21.644000000,Add Order,1580394621644000000,A,235161,B,2000.0,25.15,251500.0,XIU,79.0,,,,,,,,,,,,,,
2020-01-30 09:30:21.856000000,Add Order,1580394621856000000,A,236581,S,9900.0,25.19,251900.0,XIU,79.0,,,,,,,,,,,,,,
2020-01-30 09:30:22.241000000,Add Order,1580394622241000000,A,238781,S,9900.0,25.19,251900.0,XIU,79.0,,,,,,,,,,,,,,
2020-01-30 09:30:23.104000000,Add Order,1580394623104000000,A,243382,S,2000.0,25.29,252900.0,XIU,79.0,,,,,,,,,,,,,,
2020-01-30 09:30:23.843000000,Add Order,1580394623843000000,A,247561,S,2000.0,25.19,251900.0,XIU,79.0,,,,,,,,,,,,,,
2020-01-30 09:30:23.843000000,Order Execution,1580394623843000000,E,247561,,,,,,79.0,2000.0,3003027.0,247591.0,,80.0,,,,,,,,,
2020-01-30 09:30:23.843000000,Add Order,1580394623843000000,A,247608,B,2000.0,25.18,251800.0,XIU,79.0,,,,,,,,,,,,,,
2020-01-30 09:30:23.868000000,Add Order,1580394623868000000,A,247958,B,1100.0,25.18,251800.0,XIU,79.0,,,,,,,,,,,,,,
2020-01-30 09:30:23.869000000,Add Order,1580394623869000000,A,248013,B,2000.0,25.16,251600.0,XIU,79.0,,,,,,,,,,,,,,
2020-01-30 09:30:23.880000000,Add Order,1580394623880000000,A,248126,B,3300.0,25.17,251700.0,XIU,79.0,,,,,,,,,,,,,,
2020-01-30 09:30:23.887000000,Add Order,1580394623887000000,A,248202,B,2000.0,25.16,251600.0,XIU,79.0,,,,,,,,,,,,,,
2020-01-30 09:30:23.930000000,Add Order,1580394623930000000,A,248510,B,2000.0,25.16,251600.0,XIU,79.0,,,,,,,,,,,,,,
2020-01-30 09:30:23.944000000,Add Order,1580394623944000000,A,248577,S,2000.0,25.29,252900.0,XIU,79.0,,,,,,,,,,,,,,
2020-01-30 09:30:24.430000000,Add Order,1580394624430000000,A,253375,B,2000.0,25.16,251600.0,XIU,79.0,,,,,,,,,,,,,,
2020-01-30 09:30:24.598000000,Add Order,1580394624598000000,A,254693,B,2000.0,25.16,251600.0,XIU,79.0,,,,,,,,,,,,,,
2020-01-30 09:30:24.889000000,Add Order,1580394624889000000,A,256825,B,2000.0,25.06,250600.0,XIU,79.0,,,,,,,,,,,,,,
2020-01-30 09:30:24.889000000,Add Order,1580394624889000000,A,256829,S,2000.0,25.19,251900.0,XIU,79.0,,,,,,,,,,,,,,
2020-01-30 09:30:24.914000000,Add Order,1580394624914000000,A,257006,B,2000.0,25.16,251600.0,XIU,79.0,,,,,,,,,,,,,,
2020-01-30 09:30:24.946000000,Add Order,1580394624946000000,A,257137,B,2000.0,25.16,251600.0,XIU,79.0,,,,,,,,,,,,,,
2020-01-30 09:30:24.969000000,Order Execution,1580394624969000000,E,256829,,,,,,79.0,2000.0,3003108.0,257329.0,,80.0,,,,,,,,,
2020-01-30 09:30:24.969000000,Add Order,1580394624969000000,A,257330,B,2000.0,25.18,251800.0,XIU,79.0,,,,,,,,,,,,,,
2020-01-30 09:30:25.070000000,Add Order,1580394625070000000,A,258283,S,2000.0,25.19,251900.0,XIU,79.0,,,,,,,,,,,,,,
2020-01-30 09:30:25.070000000,Order Execution,1580394625070000000,E,258283,,,,,,79.0,1700.0,3003113.0,258285.0,,80.0,,,,,,,,,
2020-01-30 09:30:25.083000000,Add Order,1580394625083000000,A,258412,B,2000.0,25.18,251800.0,XIU,79.0,,,,,,,,,,,,,,
2020-01-30 09:30:25.184000000,Add Order,1580394625184000000,A,259739,S,2000.0,25.29,252900.0,XIU,79.0,,,,,,,,,,,,,,
2020-01-30 09:30:25.275000000,Add Order,1580394625275000000,A,260508,S,9900.0,25.19,251900.0,XIU,79.0,,,,,,,,,,,,,,
2020-01-30 09:30:25.447000000,Add Order,1580394625447000000,A,261929,B,2000.0,25.16,251600.0,XIU,79.0,,,,,,,,,,,,,,
2020-01-30 09:30:25.676000000,Add Order,1580394625676000000,A,263873,B,2000.0,25.16,251600.0,XIU,79.0,,,,,,,,,,,,,,
2020-01-30 09:30:25.705000000,Add Order,1580394625705000000,A,264116,S,9900.0,25.19,251900.0,XIU,79.0,,,,,,,,,,,,,,
2020-01-30 09:30:25.711000000,Add Order,1580394625711000000,A,264196,S,9900.0,25.19,251900.0,XIU,79.0,,,,,,,,,,,,,,
2020-01-30 09:30:25.979000000,Add Order,1580394625979000000,A,266434,S,2000.0,25.19,251900.0,XIU,79.0,,,,,,,,,,,,,,
2020-01-30 09:30:25.981000000,Add Order,1580394625981000000,A,266471,S,2000.0,25.29,252900.0,XIU,79.0,,,,,,,,,,,,,,
2020-01-30 09:30:25.983000000,Add Order,1580394625983000000,A,266502,S,9900.0,25.19,251900.0,XIU,79.0,,,,,,,,,,,,,,
2020-01-30 09:30:26.011000000,Add Order,1580394626011000000,A,266783,B,2000.0,25.16,251600.0,XIU,79.0,,,,,,,,,,,,,,
2020-01-30 09:30:26.021000000,Add Order,1580394626021000000,A,266844,B,2000.0,25.16,251600.0,XIU,79.0,,,,,,,,,,,,,,
2020-01-30 09:30:26.376000000,Add Order,1580394626376000000,A,269004,B,2000.0,25.16,251600.0,XIU,79.0,,,,,,,,,,,,,,
2020-01-30 09:30:26.386000000,Add Order,1580394626386000000,A,269055,B,2000.0,25.16,251600.0,XIU,79.0,,,,,,,,,,,,,,
2020-01-30 09:30:26.463000000,Add Order,1580394626463000000,A,269498,S,2000.0,25.19,251900.0,XIU,79.0,,,,,,,,,,,,,,
2020-01-30 09:30:26.555000000,Add Order,1580394626555000000,A,270129,B,2000.0,25.06,250600.0,XIU,79.0,,,,,,,,,,,,,,
2020-01-30 09:30:26.556000000,Add Order,1580394626556000000,A,270139,S,9900.0,25.19,251900.0,XIU,79.0,,,,,,,,,,,,,,
2020-01-30 09:30:26.642000000,Add Order,1580394626642000000,A,270716,S,9900.0,25.19,251900.0,XIU,79.0,,,,,,,,,,,,,,
2020-01-30 09:30:27.532000000,Order Execution,1580394627532000000,E,269498,,,,,,79.0,100.0,3003213.0,277249.0,,80.0,,,,,,,,,
2020-01-30 09:30:27.535000000,Add Order,1580394627535000000,A,277338,B,2000.0,25.18,251800.0,XIU,79.0,,,,,,,,,,,,,,
2020-01-30 09:30:27.634000000,Add Order,1580394627634000000,A,278250,B,2000.0,25.16,251600.0,XIU,79.0,,,,,,,,,,,,,,
2020-01-30 09:30:27.636000000,Add Order,1580394627636000000,A,278289,S,2000.0,25.19,251900.0,XIU,79.0,,,,,,,,,,,,,,
2020-01-30 09:30:27.636000000,Order Execution,1580394627636000000,E,278289,,,,,,79.0,2000.0,3003224.0,278294.0,,80.0,,,,,,,,,
2020-01-30 09:30:27.737000000,Add Order,1580394627737000000,A,279025,S,2000.0,25.19,251900.0,XIU,79.0,,,,,,,,,,,,,,
2020-01-30 09:30:27.737000000,Order Execution,1580394627737000000,E,279025,,,,,,79.0,2000.0,3003227.0,279027.0,,80.0,,,,,,,,,
2020-01-30 09:30:27.838000000,Add Order,1580394627838000000,A,279427,S,2000.0,25.19,251900.0,XIU,79.0,,,,,,,,,,,,,,
2020-01-30 09:30:27.838000000,Order Execution,1580394627838000000,E,279427,,,,,,79.0,2000.0,3003230.0,279429.0,,80.0,,,,,,,,,
2020-01-30 09:30:27.939000000,Add Order,1580394627939000000,A,279994,S,2000.0,25.19,251900.0,XIU,79.0,,,,,,,,,,,,,,
2020-01-30 09:30:27.939000000,Order Execution,1580394627939000000,E,279994,,,,,,79.0,2000.0,3003241.0,279996.0,,80.0,,,,,,,,,
2020-01-30 09:30:28.040000000,Add Order,1580394628040000000,A,280670,S,2000.0,25.19,251900.0,XIU,79.0,,,,,,,,,,,,,,
2020-01-30 09:30:28.558000000,Add Order,1580394628558000000,A,283220,B,2000.0,25.06,250600.0,XIU,79.0,,,,,,,,,,,,,,
2020-01-30 09:30:28.563000000,Add Order,1580394628563000000,A,283347,B,2000.0,25.16,251600.0,XIU,79.0,,,,,,,,,,,,,,
2020-01-30 09:30:28.608000000,Add Order,1580394628608000000,A,283899,B,2000.0,25.06,250600.0,XIU,79.0,,,,,,,,,,,,,,
2020-01-30 09:30:28.638000000,Order Execution,1580394628638000000,E,280670,,,,,,79.0,2000.0,3003269.0,284452.0,,80.0,,,,,,,,,
2020-01-30 09:30:28.638000000,Add Order,1580394628638000000,A,284459,B,2000.0,25.18,251800.0,XIU,79.0,,,,,,,,,,,,,,
2020-01-30 09:30:28.739000000,Add Order,1580394628739000000,A,285661,S,2000.0,25.29,252900.0,XIU,79.0,,,,,,,,,,,,,,
2020-01-30 09:30:28.894000000,Add Order,1580394628894000000,A,287258,S,9900.0,25.19,251900.0,XIU,79.0,,,,,,,,,,,,,,
2020-01-30 09:30:29.109000000,Add Order,1580394629109000000,A,288416,B,2000.0,25.16,251600.0,XIU,79.0,,,,,,,,,,,,,,
2020-01-30 09:30:29.265000000,Add Order,1580394629265000000,A,289518,B,2000.0,25.16,251600.0,XIU,79.0,,,,,,,,,,,,,,
2020-01-30 09:30:29.318000000,Add Order,1580394629318000000,A,289777,S,9900.0,25.19,251900.0,XIU,79.0,,,,,,,,,,,,,,
2020-01-30 09:30:29.729000000,Add Order,1580394629729000000,A,292356,B,1200.0,25.18,251800.0,XIU,79.0,,,,,,,,,,,,,,
2020-01-30 09:30:29.729000000,Add Order,1580394629729000000,A,292360,B,800.0,25.19,251900.0,XIU,79.0,,,,,,,,,,,,,,
2020-01-30 09:30:29.729000000,Add Order,1580394629729000000,A,176211,S,3000.0,25.22,252200.0,XIU,79.0,,,,,,,,,,,,,,
2020-01-30 09:30:29.730000000,Add Order,1580394629730000000,A,292385,B,30000.0,25.16,251600.0,XIU,79.0,,,,,,,,,,,,,,
2020-01-30 09:30:29.916000000,Add Order,1580394629916000000,A,293947,S,27000.0,25.23,252300.0,XIU,79.0,,,,,,,,,,,,,,
2020-01-30 09:30:30.203000000,Add Order,1580394630203000000,A,296271,B,9900.0,25.19,251900.0,XIU,79.0,,,,,,,,,,,,,,
2020-01-30 09:30:30.229000000,Add Order,1580394630229000000,A,296531,B,9900.0,25.19,251900.0,XIU,79.0,,,,,,,,,,,,,,
2020-01-30 09:30:30.465000000,Add Order,1580394630465000000,A,298021,B,9900.0,25.19,251900.0,XIU,79.0,,,,,,,,,,,,,,
2020-01-30 09:30:31.150000000,Add Order,1580394631150000000,A,58149,S,9900.0,25.2,252000.0,XIU,79.0,,,,,,,,,,,,,,
2020-01-30 09:30:31.166000000,Add Order,1580394631166000000,A,302577,B,500.0,25.19,251900.0,XIU,79.0,,,,,,,,,,,,,,
2020-01-30 09:30:31.169000000,Add Order,1580394631169000000,A,302808,S,29700.0,25.22,252200.0,XIU,79.0,,,,,,,,,,,,,,
2020-01-30 09:30:31.179000000,Add Order,1580394631179000000,A,303214,B,3300.0,25.18,251800.0,XIU,79.0,,,,,,,,,,,,,,
2020-01-30 09:30:31.243000000,Add Order,1580394631243000000,A,304228,S,2000.0,25.3,253000.0,XIU,79.0,,,,,,,,,,,,,,
2020-01-30 09:30:31.243000000,Add Order,1580394631243000000,A,304238,S,30000.0,25.24,252400.0,XIU,79.0,,,,,,,,,,,,,,
2020-01-30 09:30:31.243000000,Add Order,1580394631243000000,A,58513,S,19800.0,25.21,252100.0,XIU,79.0,,,,,,,,,,,,,,
2020-01-30 09:30:31.244000000,Add Order,1580394631244000000,A,58513,S,9900.0,25.21,252100.0,XIU,79.0,,,,,,,,,,,,,,
2020-01-30 09:30:31.246000000,Add Order,1580394631246000000,A,304412,B,1200.0,25.19,251900.0,XIU,79.0,,,,,,,,,,,,,,
2020-01-30 09:30:31.246000000,Add Order,1580394631246000000,A,304422,B,30000.0,25.17,251700.0,XIU,79.0,,,,,,,,,,,,,,
2020-01-30 09:30:31.246000000,Add Order,1580394631246000000,A,293947,S,3000.0,25.23,252300.0,XIU,79.0,,,,,,,,,,,,,,
2020-01-30 09:30:31.247000000,Add Order,1580394631247000000,A,304428,S,9900.0,25.21,252100.0,XIU,79.0,,,,,,,,,,,,,,
2020-01-30 09:30:31.259000000,Add Order,1580394631259000000,A,304603,S,9900.0,25.21,252100.0,XIU,79.0,,,,,,,,,,,,,,
2020-01-30 09:30:31.265000000,Add Order,1580394631265000000,A,304694,B,2000.0,25.17,251700.0,XIU,79.0,,,,,,,,,,,,,,
2020-01-30 09:30:31.310000000,Add Order,1580394631310000000,A,305151,B,2000.0,25.17,251700.0,XIU,79.0,,,,,,,,,,,,,,
2020-01-30 09:30:31.419000000,Add Order,1580394631419000000,A,305655,B,2000.0,25.17,251700.0,XIU,79.0,,,,,,,,,,,,,,
2020-01-30 09:30:31.464000000,Add Order,1580394631464000000,A,305995,S,3000.0,25.21,252100.0,XIU,79.0,,,,,,,,,,,,,,
2020-01-30 09:30:31.489000000,Add Order,1580394631489000000,A,306111,S,9900.0,25.21,252100.0,XIU,79.0,,,,,,,,,,,,,,
2020-01-30 09:30:31.578000000,Add Order,1580394631578000000,A,306689,S,3000.0,25.21,252100.0,XIU,79.0,,,,,,,,,,,,,,
2020-01-30 09:30:31.588000000,Add Order,1580394631588000000,A,306807,S,4600.0,25.21,252100.0,XIU,79.0,,,,,,,,,,,,,,
2020-01-30 09:30:31.589000000,Add Order,1580394631589000000,A,306830,S,1200.0,25.21,252100.0,XIU,79.0,,,,,,,,,,,,,,
2020-01-30 09:30:31.591000000,Add Order,1580394631591000000,A,306886,S,9900.0,25.21,252100.0,XIU,79.0,,,,,,,,,,,,,,
2020-01-30 09:30:31.614000000,Add Order,1580394631614000000,A,307095,B,9900.0,25.19,251900.0,XIU,79.0,,,,,,,,,,,,,,
2020-01-30 09:30:31.637000000,Add Order,1580394631637000000,A,307216,S,2000.0,25.2,252000.0,XIU,79.0,,,,,,,,,,,,,,
2020-01-30 09:30:31.637000000,Add Order,1580394631637000000,A,307225,S,500.0,25.2,252000.0,XIU,79.0,,,,,,,,,,,,,,
2020-01-30 09:30:31.637000000,Add Order,1580394631637000000,A,307234,S,27000.0,25.23,252300.0,XIU,79.0,,,,,,,,,,,,,,
2020-01-30 09:30:31.640000000,Add Order,1580394631640000000,A,307243,S,19800.0,25.2,252000.0,XIU,79.0,,,,,,,,,,,,,,
2020-01-30 09:30:31.647000000,Add Order,1580394631647000000,A,307316,S,2000.0,25.3,253000.0,XIU,79.0,,,,,,,,,,,,,,
2020-01-30 09:30:31.669000000,Add Order,1580394631669000000,A,307492,B,9900.0,25.19,251900.0,XIU,79.0,,,,,,,,,,,,,,
2020-01-30 09:30:31.680000000,Add Order,1580394631680000000,A,307563,S,3000.0,25.21,252100.0,XIU,79.0,,,,,,,,,,,,,,
2020-01-30 09:30:31.690000000,Add Order,1580394631690000000,A,307585,S,3000.0,25.21,252100.0,XIU,79.0,,,,,,,,,,,,,,
2020-01-30 09:30:31.702000000,Add Order,1580394631702000000,A,307631,S,9900.0,25.21,252100.0,XIU,79.0,,,,,,,,,,,,,,
2020-01-30 09:30:31.706000000,Add Order,1580394631706000000,A,307647,S,3000.0,25.21,252100.0,XIU,79.0,,,,,,,,,,,,,,
2020-01-30 09:30:31.777000000,Add Order,1580394631777000000,A,308176,S,2000.0,25.2,252000.0,XIU,79.0,,,,,,,,,,,,,,
2020-01-30 09:30:31.777000000,Add Order,1580394631777000000,A,308185,S,3000.0,25.21,252100.0,XIU,79.0,,,,,,,,,,,,,,
2020-01-30 09:30:31.871000000,Add Order,1580394631871000000,A,308656,S,3000.0,25.21,252100.0,XIU,79.0,,,,,,,,,,,,,,
2020-01-30 09:30:31.919000000,Add Order,1580394631919000000,A,308846,B,2000.0,25.17,251700.0,XIU,79.0,,,,,,,,,,,,,,
2020-01-30 09:30:32.013000000,Add Order,1580394632013000000,A,309378,B,1300.0,25.19,251900.0,XIU,79.0,,,,,,,,,,,,,,
2020-01-30 09:30:32.277000000,Add Order,1580394632277000000,A,310998,S,2000.0,25.3,253000.0,XIU,79.0,,,,,,,,,,,,,,
2020-01-30 09:30:32.505000000,Add Order,1580394632505000000,A,312095,B,9900.0,25.19,251900.0,XIU,79.0,,,,,,,,,,,,,,
2020-01-30 09:30:32.866000000,Add Order,1580394632866000000,A,313964,B,9900.0,25.19,251900.0,XIU,79.0,,,,,,,,,,,,,,
2020-01-30 09:30:33.001000000,Add Order,1580394633001000000,A,314877,S,9900.0,25.2,252000.0,XIU,79.0,,,,,,,,,,,,,,
2020-01-30 09:30:33.011000000,Add Order,1580394633011000000,A,315035,S,3000.0,25.21,252100.0,XIU,79.0,,,,,,,,,,,,,,
2020-01-30 09:30:33.014000000,Add Order,1580394633014000000,A,315108,B,2000.0,25.07,250700.0,XIU,79.0,,,,,,,,,,,,,,
2020-01-30 09:30:33.161000000,Add Order,1580394633161000000,A,316329,S,2000.0,25.2,252000.0,XIU,79.0,,,,,,,,,,,,,,
2020-01-30 09:30:33.604000000,Add Order,1580394633604000000,A,320784,B,9900.0,25.19,251900.0,XIU,79.0,,,,,,,,,,,,,,
2020-01-30 09:30:33.985000000,Add Order,1580394633985000000,A,322412,S,9900.0,25.2,252000.0,XIU,79.0,,,,,,,,,,,,,,
2020-01-30 09:30:34.253000000,Order Execution,1580394634253000000,E,307225,,,,,,79.0,100.0,3003545.0,324490.0,,80.0,,,,,,,,,
2020-01-30 09:30:34.256000000,Add Order,1580394634256000000,A,324532,S,9900.0,25.2,252000.0,XIU,79.0,,,,,,,,,,,,,,
2020-01-30 09:30:35.521000000,Add Order,1580394635521000000,A,330966,B,9900.0,25.19,251900.0,XIU,79.0,,,,,,,,,,,,,,
2020-01-30 09:30:35.768000000,Add Order,1580394635768000000,A,333131,S,9900.0,25.2,252000.0,XIU,79.0,,,,,,,,,,,,,,
2020-01-30 09:30:35.799000000,Add Order,1580394635799000000,A,333438,S,9900.0,25.2,252000.0,XIU,79.0,,,,,,,,,,,,,,
2020-01-30 09:30:36.614000000,Add Order,1580394636614000000,A,338362,B,3300.0,25.18,251800.0,XIU,79.0,,,,,,,,,,,,,,
2020-01-30 09:30:37.571000000,Order Execution,1580394637571000000,E,316329,,,,,,79.0,2000.0,3003634.0,344049.0,,80.0,,,,,,,,,
2020-01-30 09:30:37.571000000,Add Order,1580394637571000000,A,344050,B,2000.0,25.19,251900.0,XIU,79.0,,,,,,,,,,,,,,
2020-01-30 09:30:37.589000000,Add Order,1580394637589000000,A,344429,B,1600.0,25.19,251900.0,XIU,79.0,,,,,,,,,,,,,,
2020-01-30 09:30:37.590000000,Add Order,1580394637590000000,A,344450,B,2000.0,25.17,251700.0,XIU,79.0,,,,,,,,,,,,,,
2020-01-30 09:30:37.590000000,Add Order,1580394637590000000,A,344469,B,30000.0,25.17,251700.0,XIU,79.0,,,,,,,,,,,,,,
2020-01-30 09:30:37.657000000,Add Order,1580394637657000000,A,345331,B,9900.0,25.19,251900.0,XIU,79.0,,,,,,,,,,,,,,
2020-01-30 09:30:37.673000000,Add Order,1580394637673000000,A,345443,S,2000.0,25.3,253000.0,XIU,79.0,,,,,,,,,,,,,,
2020-01-30 09:30:37.931000000,Add Order,1580394637931000000,A,346919,B,3300.0,25.19,251900.0,XIU,79.0,,,,,,,,,,,,,,
2020-01-30 09:30:37.963000000,Add Order,1580394637963000000,A,347182,S,2000.0,25.31,253100.0,XIU,79.0,,,,,,,,,,,,,,
2020-01-30 09:30:37.964000000,Add Order,1580394637964000000,A,347202,S,2000.0,25.21,252100.0,XIU,79.0,,,,,,,,,,,,,,
2020-01-30 09:30:38.016000000,Add Order,1580394638016000000,A,347611,S,2000.0,25.21,252100.0,XIU,79.0,,,,,,,,,,,,,,
2020-01-30 09:30:38.169000000,Add Order,1580394638169000000,A,348516,B,19800.0,25.19,251900.0,XIU,79.0,,,,,,,,,,,,,,
2020-01-30 09:30:38.516000000,Add Order,1580394638516000000,A,351126,S,2000.0,25.21,252100.0,XIU,79.0,,,,,,,,,,,,,,
2020-01-30 09:30:39.060000000,Add Order,1580394639060000000,A,355252,S,2000.0,25.21,252100.0,XIU,79.0,,,,,,,,,,,,,,
2020-01-30 09:30:39.206000000,Add Order,1580394639206000000,A,348516,B,9900.0,25.19,251900.0,XIU,79.0,,,,,,,,,,,,,,
2020-01-30 09:30:39.211000000,Add Order,1580394639211000000,A,356868,S,3000.0,25.21,252100.0,XIU,79.0,,,,,,,,,,,,,,
2020-01-30 09:30:39.299000000,Add Order,1580394639299000000,A,357868,B,9900.0,25.19,251900.0,XIU,79.0,,,,,,,,,,,,,,
2020-01-30 09:30:39.326000000,Add Order,1580394639326000000,A,358052,B,9900.0,25.19,251900.0,XIU,79.0,,,,,,,,,,,,,,
2020-01-30 09:30:39.387000000,Add Order,1580394639387000000,A,358618,B,4300.0,25.19,251900.0,XIU,79.0,,,,,,,,,,,,,,
2020-01-30 09:30:39.390000000,Add Order,1580394639390000000,A,358632,B,4300.0,25.19,251900.0,XIU,79.0,,,,,,,,,,,,,,
2020-01-30 09:30:39.396000000,Add Order,1580394639396000000,A,358734,B,2000.0,25.07,250700.0,XIU,79.0,,,,,,,,,,,,,,
2020-01-30 09:30:39.397000000,Add Order,1580394639397000000,A,358802,B,4300.0,25.19,251900.0,XIU,79.0,,,,,,,,,,,,,,
2020-01-30 09:30:39.566000000,Add Order,1580394639566000000,A,360218,B,9900.0,25.19,251900.0,XIU,79.0,,,,,,,,,,,,,,
2020-01-30 09:30:39.924000000,Add Order,1580394639924000000,A,363016,S,1900.0,25.21,252100.0,XIU,79.0,,,,,,,,,,,,,,
2020-01-30 09:30:39.986000000,Add Order,1580394639986000000,A,363666,S,2000.0,25.21,252100.0,XIU,79.0,,,,,,,,,,,,,,
2020-01-30 09:30:39.986000000,Add Order,1580394639986000000,A,363692,S,2000.0,25.2,252000.0,XIU,79.0,,,,,,,,,,,,,,
2020-01-30 09:30:39.987000000,Add Order,1580394639987000000,A,363702,S,27000.0,25.23,252300.0,XIU,79.0,,,,,,,,,,,,,,
2020-01-30 09:30:39.991000000,Add Order,1580394639991000000,A,363815,S,9900.0,25.2,252000.0,XIU,79.0,,,,,,,,,,,,,,
2020-01-30 09:30:40.148000000,Add Order,1580394640148000000,A,365362,S,3000.0,25.21,252100.0,XIU,79.0,,,,,,,,,,,,,,
2020-01-30 09:30:40.243000000,Add Order,1580394640243000000,A,366035,S,2000.0,25.2,252000.0,XIU,79.0,,,,,,,,,,,,,,
2020-01-30 09:30:40.244000000,Add Order,1580394640244000000,A,366063,S,2000.0,25.2,252000.0,XIU,79.0,,,,,,,,,,,,,,
2020-01-30 09:30:40.247000000,Add Order,1580394640247000000,A,366101,S,2000.0,25.2,252000.0,XIU,79.0,,,,,,,,,,,,,,
2020-01-30 09:30:40.326000000,Add Order,1580394640326000000,A,366780,B,9900.0,25.19,251900.0,XIU,79.0,,,,,,,,,,,,,,
2020-01-30 09:30:40.414000000,Add Order,1580394640414000000,A,367487,B,9900.0,25.19,251900.0,XIU,79.0,,,,,,,,,,,,,,
2020-01-30 09:30:40.452000000,Add Order,1580394640452000000,A,367997,B,2000.0,25.19,251900.0,XIU,79.0,,,,,,,,,,,,,,
2020-01-30 09:30:40.456000000,Add Order,1580394640456000000,A,368096,B,9900.0,25.19,251900.0,XIU,79.0,,,,,,,,,,,,,,
2020-01-30 09:30:40.609000000,Add Order,1580394640609000000,A,369221,S,3000.0,25.21,252100.0,XIU,79.0,,,,,,,,,,,,,,
2020-01-30 09:30:40.612000000,Add Order,1580394640612000000,A,369249,S,3000.0,25.21,252100.0,XIU,79.0,,,,,,,,,,,,,,
2020-01-30 09:30:40.747000000,Add Order,1580394640747000000,A,370193,S,2000.0,25.2,252000.0,XIU,79.0,,,,,,,,,,,,,,
2020-01-30 09:30:40.759000000,Add Order,1580394640759000000,A,370347,S,9900.0,25.2,252000.0,XIU,79.0,,,,,,,,,,,,,,
2020-01-30 09:30:40.990000000,Add Order,1580394640990000000,A,372403,S,9900.0,25.2,252000.0,XIU,79.0,,,,,,,,,,,,,,
2020-01-30 09:30:41.434000000,Add Order,1580394641434000000,A,376354,S,9900.0,25.2,252000.0,XIU,79.0,,,,,,,,,,,,,,
2020-01-30 09:30:41.572000000,Add Order,1580394641572000000,A,377547,S,9900.0,25.2,252000.0,XIU,79.0,,,,,,,,,,,,,,
2020-01-30 09:30:41.594000000,Add Order,1580394641594000000,A,377677,B,9900.0,25.19,251900.0,XIU,79.0,,,,,,,,,,,,,,
2020-01-30 09:30:41.672000000,Add Order,1580394641672000000,A,378277,B,4300.0,25.18,251800.0,XIU,79.0,,,,,,,,,,,,,,
2020-01-30 09:30:42.316000000,Add Order,1580394642316000000,A,382295,S,3000.0,25.2,252000.0,XIU,79.0,,,,,,,,,,,,,,
2020-01-30 09:30:42.316000000,Add Order,1580394642316000000,A,382300,B,2000.0,25.06,250600.0,XIU,79.0,,,,,,,,,,,,,,
2020-01-30 09:30:42.317000000,Add Order,1580394642317000000,A,382413,B,2000.0,25.16,251600.0,XIU,79.0,,,,,,,,,,,,,,
2020-01-30 09:30:42.324000000,Add Order,1580394642324000000,A,382753,B,9900.0,25.19,251900.0,XIU,79.0,,,,,,,,,,,,,,
2020-01-30 09:30:42.339000000,Add Order,1580394642339000000,A,383508,B,4300.0,25.18,251800.0,XIU,79.0,,,,,,,,,,,,,,
2020-01-30 09:30:42.365000000,Add Order,1580394642365000000,A,384123,B,9900.0,25.19,251900.0,XIU,79.0,,,,,,,,,,,,,,
2020-01-30 09:30:42.628000000,Add Order,1580394642628000000,A,386233,B,9900.0,25.19,251900.0,XIU,79.0,,,,,,,,,,,,,,
2020-01-30 09:30:43.102000000,Add Order,1580394643102000000,A,390104,B,9900.0,25.19,251900.0,XIU,79.0,,,,,,,,,,,,,,
2020-01-30 09:30:44.153000000,Add Order,1580394644153000000,A,397062,S,9900.0,25.2,252000.0,XIU,79.0,,,,,,,,,,,,,,
2020-01-30 09:30:45.633000000,Add Order,1580394645633000000,A,406519,S,9900.0,25.2,252000.0,XIU,79.0,,,,,,,,,,,,,,
2020-01-30 09:30:45.708000000,Add Order,1580394645708000000,A,406833,B,9900.0,25.19,251900.0,XIU,79.0,,,,,,,,,,,,,,
2020-01-30 09:30:45.818000000,Add Order,1580394645818000000,A,407263,B,19800.0,25.19,251900.0,XIU,79.0,,,,,,,,,,,,,,
2020-01-30 09:30:45.923000000,Add Order,1580394645923000000,A,408012,B,4300.0,25.18,251800.0,XIU,79.0,,,,,,,,,,,,,,
2020-01-30 09:30:45.948000000,Add Order,1580394645948000000,A,408329,B,19800.0,25.19,251900.0,XIU,79.0,,,,,,,,,,,,,,
2020-01-30 09:30:46.417000000,Add Order,1580394646417000000,A,411575,B,1700.0,25.19,251900.0,XIU,79.0,,,,,,,,,,,,,,
2020-01-30 09:30:46.417000000,Add Order,1580394646417000000,A,411642,B,1000.0,25.19,251900.0,XIU,79.0,,,,,,,,,,,,,,
2020-01-30 09:30:46.532000000,Add Order,1580394646532000000,A,412677,B,2000.0,25.17,251700.0,XIU,79.0,,,,,,,,,,,,,,
2020-01-30 09:30:46.533000000,Add Order,1580394646533000000,A,412714,S,2000.0,25.3,253000.0,XIU,79.0,,,,,,,,,,,,,,
2020-01-30 09:30:46.538000000,Add Order,1580394646538000000,A,412773,B,30000.0,25.17,251700.0,XIU,79.0,,,,,,,,,,,,,,
2020-01-30 09:30:46.846000000,Add Order,1580394646846000000,A,414555,B,1500.0,25.2,252000.0,XIU,79.0,,,,,,,,,,,,,,
2020-01-30 09:30:47.284000000,Add Order,1580394647284000000,A,416709,B,9900.0,25.2,252000.0,XIU,79.0,,,,,,,,,,,,,,
2020-01-30 09:30:47.355000000,Add Order,1580394647355000000,A,417241,B,9900.0,25.2,252000.0,XIU,79.0,,,,,,,,,,,,,,
2020-01-30 09:30:47.490000000,Add Order,1580394647490000000,A,418138,B,9900.0,25.2,252000.0,XIU,79.0,,,,,,,,,,,,,,
2020-01-30 09:30:47.731000000,Add Order,1580394647731000000,A,419694,B,4300.0,25.19,251900.0,XIU,79.0,,,,,,,,,,,,,,
2020-01-30 09:30:48.193000000,Add Order,1580394648193000000,A,421865,S,3000.0,25.21,252100.0,XIU,79.0,,,,,,,,,,,,,,
2020-01-30 09:30:48.745000000,Add Order,1580394648745000000,A,424339,S,3000.0,25.21,252100.0,XIU,79.0,,,,,,,,,,,,,,
2020-01-30 09:30:49.238000000,Add Order,1580394649238000000,A,426781,S,3000.0,25.21,252100.0,XIU,79.0,,,,,,,,,,,,,,
2020-01-30 09:30:49.508000000,Add Order,1580394649508000000,A,428281,S,3000.0,25.21,252100.0,XIU,79.0,,,,,,,,,,,,,,
2020-01-30 09:30:49.676000000,Add Order,1580394649676000000,A,429716,S,8700.0,25.21,252100.0,XIU,79.0,,,,,,,,,,,,,,
2020-01-30 09:30:50.594000000,Add Order,1580394650594000000,A,435745,B,2000.0,25.07,250700.0,XIU,79.0,,,,,,,,,,,,,,
2020-01-30 09:30:50.623000000,Add Order,1580394650623000000,A,436096,S,5000.0,25.21,252100.0,XIU,79.0,,,,,,,,,,,,,,
2020-01-30 09:30:50.623000000,Add Order,1580394650623000000,A,436100,S,2000.0,25.21,252100.0,XIU,79.0,,,,,,,,,,,,,,
2020-01-30 09:30:50.623000000,Add Order,1580394650623000000,A,436096,S,5000.0,25.2,252000.0,XIU,79.0,,,,,,,,,,,,,,
2020-01-30 09:30:50.624000000,Add Order,1580394650624000000,A,436110,S,27000.0,25.23,252300.0,XIU,79.0,,,,,,,,,,,,,,
2020-01-30 09:30:50.624000000,Add Order,1580394650624000000,A,436120,S,2000.0,25.2,252000.0,XIU,79.0,,,,,,,,,,,,,,
2020-01-30 09:30:50.694000000,Add Order,1580394650694000000,A,436590,S,9900.0,25.2,252000.0,XIU,79.0,,,,,,,,,,,,,,
2020-01-30 09:30:50.719000000,Add Order,1580394650719000000,A,436897,S,19800.0,25.2,252000.0,XIU,79.0,,,,,,,,,,,,,,
2020-01-30 09:30:51.902000000,Add Order,1580394651902000000,A,445591,S,3000.0,25.2,252000.0,XIU,79.0,,,,,,,,,,,,,,
2020-01-30 09:30:52.039000000,Add Order,1580394652039000000,A,408329,B,9900.0,25.19,251900.0,XIU,79.0,,,,,,,,,,,,,,
2020-01-30 09:30:52.282000000,Add Order,1580394652282000000,A,449490,B,9900.0,25.19,251900.0,XIU,79.0,,,,,,,,,,,,,,
2020-01-30 09:30:52.486000000,Add Order,1580394652486000000,A,451211,S,3000.0,25.2,252000.0,XIU,79.0,,,,,,,,,,,,,,
2020-01-30 09:30:52.823000000,Add Order,1580394652823000000,A,453932,B,9900.0,25.19,251900.0,XIU,79.0,,,,,,,,,,,,,,
2020-01-30 09:30:52.831000000,Add Order,1580394652831000000,A,453972,B,4300.0,25.18,251800.0,XIU,79.0,,,,,,,,,,,,,,
2020-01-30 09:30:52.883000000,Add Order,1580394652883000000,A,454718,B,4300.0,25.18,251800.0,XIU,79.0,,,,,,,,,,,,,,
2020-01-30 09:30:53.585000000,Add Order,1580394653585000000,A,458002,S,9900.0,25.2,252000.0,XIU,79.0,,,,,,,,,,,,,,
2020-01-30 09:30:54.421000000,Add Order,1580394654421000000,A,462131,B,1000.0,25.19,251900.0,XIU,79.0,,,,,,,,,,,,,,
2020-01-30 09:30:54.599000000,Add Order,1580394654599000000,A,463198,B,2000.0,25.17,251700.0,XIU,79.0,,,,,,,,,,,,,,
2020-01-30 09:30:54.611000000,Add Order,1580394654611000000,A,463390,B,2000.0,25.07,250700.0,XIU,79.0,,,,,,,,,,,,,,
2020-01-30 09:30:54.757000000,Add Order,1580394654757000000,A,464263,S,1600.0,25.2,252000.0,XIU,79.0,,,,,,,,,,,,,,
2020-01-30 09:30:54.961000000,Add Order,1580394654961000000,A,464901,B,2000.0,25.17,251700.0,XIU,79.0,,,,,,,,,,,,,,
2020-01-30 09:30:55.164000000,Order Execution,1580394655164000000,E,436120,,,,,,79.0,2000.0,3004518.0,465985.0,,80.0,,,,,,,,,
2020-01-30 09:30:55.164000000,Add Order,1580394655164000000,A,465987,B,2000.0,25.19,251900.0,XIU,79.0,,,,,,,,,,,,,,
2020-01-30 09:30:55.164000000,Add Order,1580394655164000000,A,465996,B,2000.0,25.19,251900.0,XIU,79.0,,,,,,,,,,,,,,
2020-01-30 09:30:55.177000000,Add Order,1580394655177000000,A,466516,B,30000.0,25.17,251700.0,XIU,79.0,,,,,,,,,,,,,,
2020-01-30 09:30:55.265000000,Add Order,1580394655265000000,A,467671,S,2000.0,25.3,253000.0,XIU,79.0,,,,,,,,,,,,,,
2020-01-30 09:30:55.783000000,Add Order,1580394655783000000,A,470994,B,9900.0,25.2,252000.0,XIU,79.0,,,,,,,,,,,,,,
2020-01-30 09:30:55.823000000,Add Order,1580394655823000000,A,471332,B,9900.0,25.2,252000.0,XIU,79.0,,,,,,,,,,,,,,
2020-01-30 09:30:56.023000000,Add Order,1580394656023000000,A,472419,S,9900.0,25.21,252100.0,XIU,79.0,,,,,,,,,,,,,,
2020-01-30 09:30:56.055000000,Add Order,1580394656055000000,A,472767,B,9900.0,25.2,252000.0,XIU,79.0,,,,,,,,,,,,,,
2020-01-30 09:30:56.768000000,Add Order,1580394656768000000,A,476306,B,9900.0,25.2,252000.0,XIU,79.0,,,,,,,,,,,,,,
2020-01-30 09:30:56.771000000,Add Order,1580394656771000000,A,476322,B,4300.0,25.19,251900.0,XIU,79.0,,,,,,,,,,,,,,
2020-01-30 09:30:56.891000000,Add Order,1580394656891000000,A,477721,B,9900.0,25.2,252000.0,XIU,79.0,,,,,,,,,,,,,,
2020-01-30 09:30:56.903000000,Add Order,1580394656903000000,A,477968,B,2000.0,25.18,251800.0,XIU,79.0,,,,,,,,,,,,,,
2020-01-30 09:30:56.968000000,Add Order,1580394656968000000,A,478831,S,9900.0,25.21,252100.0,XIU,79.0,,,,,,,,,,,,,,
2020-01-30 09:30:57.074000000,Add Order,1580394657074000000,A,480135,S,9900.0,25.21,252100.0,XIU,79.0,,,,,,,,,,,,,,
2020-01-30 09:30:57.123000000,Add Order,1580394657123000000,A,480678,B,9900.0,25.2,252000.0,XIU,79.0,,,,,,,,,,,,,,
2020-01-30 09:30:57.174000000,Add Order,1580394657174000000,A,480946,B,9900.0,25.2,252000.0,XIU,79.0,,,,,,,,,,,,,,
2020-01-30 09:30:57.415000000,Add Order,1580394657415000000,A,482291,B,9900.0,25.2,252000.0,XIU,79.0,,,,,,,,,,,,,,
2020-01-30 09:30:57.415000000,Add Order,1580394657415000000,A,482292,S,9900.0,25.21,252100.0,XIU,79.0,,,,,,,,,,,,,,
2020-01-30 09:30:57.525000000,Add Order,1580394657525000000,A,483186,B,2000.0,25.08,250800.0,XIU,79.0,,,,,,,,,,,,,,
2020-01-30 09:30:57.526000000,Add Order,1580394657526000000,A,483187,S,3000.0,25.21,252100.0,XIU,79.0,,,,,,,,,,,,,,
2020-01-30 09:30:57.540000000,Add Order,1580394657540000000,A,483252,B,2000.0,25.18,251800.0,XIU,79.0,,,,,,,,,,,,,,
2020-01-30 09:30:57.541000000,Add Order,1580394657541000000,A,483276,S,3000.0,25.21,252100.0,XIU,79.0,,,,,,,,,,,,,,
2020-01-30 09:30:57.542000000,Add Order,1580394657542000000,A,483284,B,2000.0,25.08,250800.0,XIU,79.0,,,,,,,,,,,,,,
2020-01-30 09:30:57.724000000,Add Order,1580394657724000000,A,484504,S,8000.0,25.21,252100.0,XIU,79.0,,,,,,,,,,,,,,
2020-01-30 09:30:58.043000000,Add Order,1580394658043000000,A,486727,B,2000.0,25.18,251800.0,XIU,79.0,,,,,,,,,,,,,,
2020-01-30 09:30:58.648000000,Add Order,1580394658648000000,A,490293,S,200.0,25.21,252100.0,XIU,79.0,,,,,,,,,,,,,,
2020-01-30 09:30:58.797000000,Add Order,1580394658797000000,A,491639,S,29700.0,25.23,252300.0,XIU,79.0,,,,,,,,,,,,,,
2020-01-30 09:30:59.191000000,Add Order,1580394659191000000,A,495433,S,30000.0,25.25,252500.0,XIU,79.0,,,,,,,,,,,,,,
2020-01-30 09:30:59.192000000,Add Order,1580394659192000000,A,495444,S,3000.0,25.22,252200.0,XIU,79.0,,,,,,,,,,,,,,
2020-01-30 09:30:59.441000000,Order Execution,1580394659441000000,E,355252,,,,,,79.0,200.0,3004758.0,497297.0,,80.0,,,,,,,,,
2020-01-30 09:30:59.542000000,Add Order,1580394659542000000,A,498373,S,2000.0,25.31,253100.0,XIU,79.0,,,,,,,,,,,,,,
2020-01-30 09:30:59.952000000,Add Order,1580394659952000000,A,500989,S,2000.0,25.21,252100.0,XIU,79.0,,,,,,,,,,,,,,
2020-01-30 09:31:00.207000000,Order Execution,1580394660207000000,E,500989,,,,,,79.0,2000.0,3004793.0,502955.0,,80.0,,,,,,,,,
2020-01-30 09:31:00.207000000,Add Order,1580394660207000000,A,502965,B,2000.0,25.2,252000.0,XIU,79.0,,,,,,,,,,,,,,
2020-01-30 09:31:00.309000000,Add Order,1580394660309000000,A,503744,S,2000.0,25.31,253100.0,XIU,79.0,,,,,,,,,,,,,,
2020-01-30 09:31:00.507000000,Add Order,1580394660507000000,A,504651,B,2000.0,25.2,252000.0,XIU,79.0,,,,,,,,,,,,,,
2020-01-30 09:31:00.507000000,Add Order,1580394660507000000,A,504656,B,2300.0,25.21,252100.0,XIU,79.0,,,,,,,,,,,,,,
2020-01-30 09:31:00.507000000,Add Order,1580394660507000000,A,304238,S,3000.0,25.24,252400.0,XIU,79.0,,,,,,,,,,,,,,
2020-01-30 09:31:00.507000000,Add Order,1580394660507000000,A,504659,B,30000.0,25.18,251800.0,XIU,79.0,,,,,,,,,,,,,,
2020-01-30 09:31:00.690000000,Add Order,1580394660690000000,A,506582,S,7400.0,25.22,252200.0,XIU,79.0,,,,,,,,,,,,,,
2020-01-30 09:31:01.679000000,Add Order,1580394661679000000,A,516293,S,1600.0,25.22,252200.0,XIU,79.0,,,,,,,,,,,,,,
2020-01-30 09:31:01.749000000,Add Order,1580394661749000000,A,517257,B,19800.0,25.21,252100.0,XIU,79.0,,,,,,,,,,,,,,
2020-01-30 09:31:01.750000000,Add Order,1580394661750000000,A,302808,S,19800.0,25.22,252200.0,XIU,79.0,,,,,,,,,,,,,,
2020-01-30 09:31:01.753000000,Add Order,1580394661753000000,A,517527,S,9900.0,25.22,252200.0,XIU,79.0,,,,,,,,,,,,,,
2020-01-30 09:31:01.776000000,Add Order,1580394661776000000,A,518647,B,4300.0,25.2,252000.0,XIU,79.0,,,,,,,,,,,,,,
2020-01-30 09:31:01.789000000,Add Order,1580394661789000000,A,519027,B,9900.0,25.21,252100.0,XIU,79.0,,,,,,,,,,,,,,
2020-01-30 09:31:01.986000000,Add Order,1580394661986000000,A,517257,B,9900.0,25.21,252100.0,XIU,79.0,,,,,,,,,,,,,,
2020-01-30 09:31:02.080000000,Add Order,1580394662080000000,A,522401,S,9900.0,25.22,252200.0,XIU,79.0,,,,,,,,,,,,,,
2020-01-30 09:31:02.114000000,Add Order,1580394662114000000,A,522769,B,9900.0,25.21,252100.0,XIU,79.0,,,,,,,,,,,,,,
2020-01-30 09:31:02.246000000,Add Order,1580394662246000000,A,523744,S,9700.0,25.22,252200.0,XIU,79.0,,,,,,,,,,,,,,
2020-01-30 09:31:02.289000000,Add Order,1580394662289000000,A,524240,B,19800.0,25.21,252100.0,XIU,79.0,,,,,,,,,,,,,,
2020-01-30 09:31:02.331000000,Add Order,1580394662331000000,A,524550,B,9900.0,25.21,252100.0,XIU,79.0,,,,,,,,,,,,,,
2020-01-30 09:31:02.992000000,Add Order,1580394662992000000,A,530044,B,2000.0,25.19,251900.0,XIU,79.0,,,,,,,,,,,,,,
2020-01-30 09:31:03.311000000,Add Order,1580394663311000000,A,302808,S,9900.0,25.22,252200.0,XIU,79.0,,,,,,,,,,,,,,
2020-01-30 09:31:03.314000000,Add Order,1580394663314000000,A,533714,S,9900.0,25.22,252200.0,XIU,79.0,,,,,,,,,,,,,,
2020-01-30 09:31:03.491000000,Add Order,1580394663491000000,A,535196,S,29700.0,25.24,252400.0,XIU,79.0,,,,,,,,,,,,,,
2020-01-30 09:31:03.548000000,Add Order,1580394663548000000,A,535883,S,30000.0,25.26,252600.0,XIU,79.0,,,,,,,,,,,,,,
2020-01-30 09:31:03.549000000,Add Order,1580394663549000000,A,535913,S,3000.0,25.23,252300.0,XIU,79.0,,,,,,,,,,,,,,
2020-01-30 09:31:03.549000000,Add Order,1580394663549000000,A,535916,S,2000.0,25.22,252200.0,XIU,79.0,,,,,,,,,,,,,,
2020-01-30 09:31:03.644000000,Add Order,1580394663644000000,A,536671,S,2000.0,25.22,252200.0,XIU,79.0,,,,,,,,,,,,,,
2020-01-30 09:31:03.645000000,Add Order,1580394663645000000,A,536695,S,3000.0,25.23,252300.0,XIU,79.0,,,,,,,,,,,,,,
2020-01-30 09:31:03.657000000,Add Order,1580394663657000000,A,536776,B,3000.0,25.21,252100.0,XIU,79.0,,,,,,,,,,,,,,
2020-01-30 09:31:03.790000000,Add Order,1580394663790000000,A,491639,S,19800.0,25.23,252300.0,XIU,79.0,,,,,,,,,,,,,,
2020-01-30 09:31:03.812000000,Add Order,1580394663812000000,A,538151,S,9900.0,25.23,252300.0,XIU,79.0,,,,,,,,,,,,,,
2020-01-30 09:31:03.866000000,Order Execution,1580394663866000000,E,536671,,,,,,79.0,2000.0,3005106.0,538462.0,,80.0,,,,,,,,,
2020-01-30 09:31:03.866000000,Add Order,1580394663866000000,A,538469,B,2000.0,25.21,252100.0,XIU,79.0,,,,,,,,,,,,,,
2020-01-30 09:31:03.967000000,Add Order,1580394663967000000,A,539414,S,2000.0,25.22,252200.0,XIU,79.0,,,,,,,,,,,,,,
2020-01-30 09:31:03.988000000,Add Order,1580394663988000000,A,539542,S,9900.0,25.23,252300.0,XIU,79.0,,,,,,,,,,,,,,
2020-01-30 09:31:04.166000000,Order Execution,1580394664166000000,E,539414,,,,,,79.0,2000.0,3005147.0,541100.0,,80.0,,,,,,,,,
2020-01-30 09:31:04.166000000,Add Order,1580394664166000000,A,541107,B,2000.0,25.21,252100.0,XIU,79.0,,,,,,,,,,,,,,
2020-01-30 09:31:04.167000000,Add Order,1580394664167000000,A,541121,B,2000.0,25.21,252100.0,XIU,79.0,,,,,,,,,,,,,,
2020-01-30 09:31:04.167000000,Add Order,1580394664167000000,A,495433,S,3000.0,25.25,252500.0,XIU,79.0,,,,,,,,,,,,,,
2020-01-30 09:31:04.170000000,Add Order,1580394664170000000,A,541229,B,6000.0,25.22,252200.0,XIU,79.0,,,,,,,,,,,,,,
2020-01-30 09:31:04.170000000,Add Order,1580394664170000000,A,541233,B,800.0,25.22,252200.0,XIU,79.0,,,,,,,,,,,,,,
2020-01-30 09:31:04.170000000,Add Order,1580394664170000000,A,541238,B,30000.0,25.19,251900.0,XIU,79.0,,,,,,,,,,,,,,
2020-01-30 09:31:04.178000000,Add Order,1580394664178000000,A,541320,S,9400.0,25.23,252300.0,XIU,79.0,,,,,,,,,,,,,,
2020-01-30 09:31:04.267000000,Add Order,1580394664267000000,A,541906,S,2000.0,25.32,253200.0,XIU,79.0,,,,,,,,,,,,,,
2020-01-30 09:31:04.301000000,Add Order,1580394664301000000,A,542185,S,2000.0,25.22,252200.0,XIU,79.0,,,,,,,,,,,,,,
2020-01-30 09:31:04.301000000,Add Order,1580394664301000000,A,542186,S,1700.0,25.22,252200.0,XIU,79.0,,,,,,,,,,,,,,
2020-01-30 09:31:04.301000000,Add Order,1580394664301000000,A,542191,S,27000.0,25.25,252500.0,XIU,79.0,,,,,,,,,,,,,,
2020-01-30 09:31:04.304000000,Add Order,1580394664304000000,A,542262,S,9900.0,25.22,252200.0,XIU,79.0,,,,,,,,,,,,,,
2020-01-30 09:31:04.487000000,Add Order,1580394664487000000,A,524240,B,9900.0,25.21,252100.0,XIU,79.0,,,,,,,,,,,,,,
2020-01-30 09:31:04.505000000,Add Order,1580394664505000000,A,543437,B,19800.0,25.21,252100.0,XIU,79.0,,,,,,,,,,,,,,
2020-01-30 09:31:05.317000000,Add Order,1580394665317000000,A,550435,S,2000.0,25.32,253200.0,XIU,79.0,,,,,,,,,,,,,,
2020-01-30 09:31:05.317000000,Add Order,1580394665317000000,A,550496,S,3000.0,25.23,252300.0,XIU,79.0,,,,,,,,,,,,,,
2020-01-30 09:31:05.364000000,Add Order,1580394665364000000,A,550995,S,3000.0,25.23,252300.0,XIU,79.0,,,,,,,,,,,,,,
2020-01-30 09:31:05.530000000,Add Order,1580394665530000000,A,552284,B,4300.0,25.21,252100.0,XIU,79.0,,,,,,,,,,,,,,
2020-01-30 09:31:06.341000000,Add Order,1580394666341000000,A,557976,B,2000.0,25.09,250900.0,XIU,79.0,,,,,,,,,,,,,,
2020-01-30 09:31:06.428000000,Add Order,1580394666428000000,A,558341,B,2000.0,25.19,251900.0,XIU,79.0,,,,,,,,,,,,,,
2020-01-30 09:31:06.506000000,Add Order,1580394666506000000,A,560641,B,4300.0,25.21,252100.0,XIU,79.0,,,,,,,,,,,,,,
2020-01-30 09:31:06.597000000,Add Order,1580394666597000000,A,561625,B,8900.0,25.22,252200.0,XIU,79.0,,,,,,,,,,,,,,
2020-01-30 09:31:06.597000000,Add Order,1580394666597000000,A,561627,B,30000.0,25.19,251900.0,XIU,79.0,,,,,,,,,,,,,,
2020-01-30 09:31:06.797000000,Add Order,1580394666797000000,A,563994,B,2000.0,25.09,250900.0,XIU,79.0,,,,,,,,,,,,,,
2020-01-30 09:31:06.832000000,Add Order,1580394666832000000,A,564333,S,2000.0,25.23,252300.0,XIU,79.0,,,,,,,,,,,,,,
2020-01-30 09:31:06.832000000,Add Order,1580394666832000000,A,564356,S,27000.0,25.25,252500.0,XIU,79.0,,,,,,,,,,,,,,
2020-01-30 09:31:06.835000000,Add Order,1580394666835000000,A,564466,S,9900.0,25.22,252200.0,XIU,79.0,,,,,,,,,,,,,,
2020-01-30 09:31:06.837000000,Add Order,1580394666837000000,A,564501,S,9900.0,25.22,252200.0,XIU,79.0,,,,,,,,,,,,,,
2020-01-30 09:31:07.190000000,Add Order,1580394667190000000,A,566555,S,3000.0,25.23,252300.0,XIU,79.0,,,,,,,,,,,,,,
2020-01-30 09:31:08.487000000,Add Order,1580394668487000000,A,575777,S,9900.0,25.22,252200.0,XIU,79.0,,,,,,,,,,,,,,
2020-01-30 09:31:08.841000000,Add Order,1580394668841000000,A,577913,S,3000.0,25.23,252300.0,XIU,79.0,,,,,,,,,,,,,,
2020-01-30 09:31:09.061000000,Add Order,1580394669061000000,A,579240,B,2000.0,25.19,251900.0,XIU,79.0,,,,,,,,,,,,,,
2020-01-30 09:31:09.104000000,Add Order,1580394669104000000,A,579500,S,3000.0,25.23,252300.0,XIU,79.0,,,,,,,,,,,,,,
2020-01-30 09:31:09.133000000,Add Order,1580394669133000000,A,579676,B,2000.0,25.19,251900.0,XIU,79.0,,,,,,,,,,,,,,
2020-01-30 09:31:09.257000000,Add Order,1580394669257000000,A,580416,B,29700.0,25.21,252100.0,XIU,79.0,,,,,,,,,,,,,,
2020-01-30 09:31:09.455000000,Add Order,1580394669455000000,A,581289,B,2000.0,25.19,251900.0,XIU,79.0,,,,,,,,,,,,,,
2020-01-30 09:31:09.465000000,Add Order,1580394669465000000,A,581333,B,2000.0,25.19,251900.0,XIU,79.0,,,,,,,,,,,,,,
2020-01-30 09:31:09.480000000,Add Order,1580394669480000000,A,581360,B,2000.0,25.19,251900.0,XIU,79.0,,,,,,,,,,,,,,
2020-01-30 09:31:09.604000000,Add Order,1580394669604000000,A,582127,B,29700.0,25.21,252100.0,XIU,79.0,,,,,,,,,,,,,,
2020-01-30 09:31:09.609000000,Add Order,1580394669609000000,A,582167,B,30000.0,25.19,251900.0,XIU,79.0,,,,,,,,,,,,,,
2020-01-30 09:31:09.829000000,Add Order,1580394669829000000,A,583451,B,29700.0,25.21,252100.0,XIU,79.0,,,,,,,,,,,,,,
2020-01-30 09:31:09.980000000,Add Order,1580394669980000000,A,584444,B,2000.0,25.19,251900.0,XIU,79.0,,,,,,,,,,,,,,
2020-01-30 09:31:10.036000000,Add Order,1580394670036000000,A,584679,S,3000.0,25.23,252300.0,XIU,79.0,,,,,,,,,,,,,,
2020-01-30 09:31:10.038000000,Add Order,1580394670038000000,A,584734,B,2000.0,25.09,250900.0,XIU,79.0,,,,,,,,,,,,,,
2020-01-30 09:31:10.071000000,Add Order,1580394670071000000,A,584970,B,2000.0,25.19,251900.0,XIU,79.0,,,,,,,,,,,,,,
2020-01-30 09:31:10.245000000,Add Order,1580394670245000000,A,586111,B,29700.0,25.21,252100.0,XIU,79.0,,,,,,,,,,,,,,
2020-01-30 09:31:10.743000000,Add Order,1580394670743000000,A,589697,S,3000.0,25.23,252300.0,XIU,79.0,,,,,,,,,,,,,,
2020-01-30 09:31:11.559000000,Add Order,1580394671559000000,A,595257,B,9900.0,25.21,252100.0,XIU,79.0,,,,,,,,,,,,,,
2020-01-30 09:31:11.567000000,Add Order,1580394671567000000,A,595293,B,2200.0,25.22,252200.0,XIU,79.0,,,,,,,,,,,,,,
2020-01-30 09:31:11.781000000,Add Order,1580394671781000000,A,596447,B,19800.0,25.21,252100.0,XIU,79.0,,,,,,,,,,,,,,
2020-01-30 09:31:11.832000000,Add Order,1580394671832000000,A,596855,S,9900.0,25.23,252300.0,XIU,79.0,,,,,,,,,,,,,,
2020-01-30 09:31:11.872000000,Add Order,1580394671872000000,A,597367,B,2000.0,25.19,251900.0,XIU,79.0,,,,,,,,,,,,,,
2020-01-30 09:31:11.898000000,Add Order,1580394671898000000,A,597531,B,2000.0,25.19,251900.0,XIU,79.0,,,,,,,,,,,,,,
2020-01-30 09:31:11.987000000,Add Order,1580394671987000000,A,598098,B,2000.0,25.19,251900.0,XIU,79.0,,,,,,,,,,,,,,
2020-01-30 09:31:13.043000000,Add Order,1580394673043000000,A,491639,S,9900.0,25.23,252300.0,XIU,79.0,,,,,,,,,,,,,,
2020-01-30 09:31:13.044000000,Add Order,1580394673044000000,A,603992,B,19800.0,25.21,252100.0,XIU,79.0,,,,,,,,,,,,,,
2020-01-30 09:31:13.045000000,Add Order,1580394673045000000,A,603997,S,19800.0,25.23,252300.0,XIU,79.0,,,,,,,,,,,,,,
2020-01-30 09:31:13.478000000,Add Order,1580394673478000000,A,605879,B,4300.0,25.21,252100.0,XIU,79.0,,,,,,,,,,,,,,
2020-01-30 09:31:14.280000000,Add Order,1580394674280000000,A,611827,B,19800.0,25.21,252100.0,XIU,79.0,,,,,,,,,,,,,,
2020-01-30 09:31:14.534000000,Add Order,1580394674534000000,A,613171,B,4500.0,25.22,252200.0,XIU,79.0,,,,,,,,,,,,,,
2020-01-30 09:31:14.668000000,Add Order,1580394674668000000,A,614093,S,2000.0,25.23,252300.0,XIU,79.0,,,,,,,,,,,,,,
2020-01-30 09:31:14.668000000,Add Order,1580394674668000000,A,614102,S,30000.0,25.27,252700.0,XIU,79.0,,,,,,,,,,,,,,
2020-01-30 09:31:14.678000000,Add Order,1580394674678000000,A,614263,B,4300.0,25.21,252100.0,XIU,79.0,,,,,,,,,,,,,,
2020-01-30 09:31:14.801000000,Add Order,1580394674801000000,A,615216,B,9900.0,25.21,252100.0,XIU,79.0,,,,,,,,,,,,,,
2020-01-30 09:31:15.107000000,Add Order,1580394675107000000,A,617245,B,19800.0,25.21,252100.0,XIU,79.0,,,,,,,,,,,,,,
2020-01-30 09:31:15.333000000,Add Order,1580394675333000000,A,603997,S,9900.0,25.23,252300.0,XIU,79.0,,,,,,,,,,,,,,
2020-01-30 09:31:15.409000000,Add Order,1580394675409000000,A,619035,S,2000.0,25.23,252300.0,XIU,79.0,,,,,,,,,,,,,,
2020-01-30 09:31:15.568000000,Add Order,1580394675568000000,A,619634,S,3000.0,25.24,252400.0,XIU,79.0,,,,,,,,,,,,,,
2020-01-30 09:31:15.692000000,Add Order,1580394675692000000,A,620404,S,3000.0,25.24,252400.0,XIU,79.0,,,,,,,,,,,,,,
2020-01-30 09:31:15.803000000,Add Order,1580394675803000000,A,617245,B,9900.0,25.21,252100.0,XIU,79.0,,,,,,,,,,,,,,
2020-01-30 09:31:15.839000000,Add Order,1580394675839000000,A,621450,B,9900.0,25.21,252100.0,XIU,79.0,,,,,,,,,,,,,,
2020-01-30 09:31:16.049000000,Add Order,1580394676049000000,A,622635,S,9900.0,25.23,252300.0,XIU,79.0,,,,,,,,,,,,,,
2020-01-30 09:31:16.128000000,Add Order,1580394676128000000,A,623000,S,2000.0,25.33,253300.0,XIU,79.0,,,,,,,,,,,,,,
2020-01-30 09:31:16.129000000,Add Order,1580394676129000000,A,623042,S,3000.0,25.24,252400.0,XIU,79.0,,,,,,,,,,,,,,
2020-01-30 09:31:16.129000000,Add Order,1580394676129000000,A,623049,S,2000.0,25.23,252300.0,XIU,79.0,,,,,,,,,,,,,,
2020-01-30 09:31:16.305000000,Add Order,1580394676305000000,A,624319,B,9900.0,25.21,252100.0,XIU,79.0,,,,,,,,,,,,,,
2020-01-30 09:31:16.420000000,Add Order,1580394676420000000,A,625149,B,9900.0,25.21,252100.0,XIU,79.0,,,,,,,,,,,,,,
2020-01-30 09:31:16.536000000,Add Order,1580394676536000000,A,625586,S,9900.0,25.23,252300.0,XIU,79.0,,,,,,,,,,,,,,
2020-01-30 09:31:16.566000000,Add Order,1580394676566000000,A,626099,S,9900.0,25.23,252300.0,XIU,79.0,,,,,,,,,,,,,,
2020-01-30 09:31:16.777000000,Add Order,1580394676777000000,A,627385,B,9900.0,25.21,252100.0,XIU,79.0,,,,,,,,,,,,,,
2020-01-30 09:31:16.836000000,Add Order,1580394676836000000,A,627934,B,29700.0,25.21,252100.0,XIU,79.0,,,,,,,,,,,,,,
2020-01-30 09:31:17.111000000,Add Order,1580394677111000000,A,629905,S,3000.0,25.23,252300.0,XIU,79.0,,,,,,,,,,,,,,
2020-01-30 09:31:17.360000000,Add Order,1580394677360000000,A,630988,S,2000.0,25.23,252300.0,XIU,79.0,,,,,,,,,,,,,,
2020-01-30 09:31:17.362000000,Add Order,1580394677362000000,A,627934,B,9900.0,25.21,252100.0,XIU,79.0,,,,,,,,,,,,,,
2020-01-30 09:31:17.463000000,Add Order,1580394677463000000,A,631850,B,9900.0,25.21,252100.0,XIU,79.0,,,,,,,,,,,,,,
2020-01-30 09:31:17.541000000,Add Order,1580394677541000000,A,632783,S,2000.0,25.22,252200.0,XIU,79.0,,,,,,,,,,,,,,
2020-01-30 09:31:17.542000000,Add Order,1580394677542000000,A,632806,S,27000.0,25.25,252500.0,XIU,79.0,,,,,,,,,,,,,,
2020-01-30 09:31:17.544000000,Add Order,1580394677544000000,A,632824,S,9900.0,25.22,252200.0,XIU,79.0,,,,,,,,,,,,,,
2020-01-30 09:31:17.601000000,Add Order,1580394677601000000,A,633520,S,19800.0,25.22,252200.0,XIU,79.0,,,,,,,,,,,,,,
2020-01-30 09:31:17.655000000,Add Order,1580394677655000000,A,634156,B,9900.0,25.21,252100.0,XIU,79.0,,,,,,,,,,,,,,
2020-01-30 09:31:18.410000000,Add Order,1580394678410000000,A,639042,B,9900.0,25.21,252100.0,XIU,79.0,,,,,,,,,,,,,,
2020-01-30 09:31:18.553000000,Add Order,1580394678553000000,A,633520,S,9900.0,25.22,252200.0,XIU,79.0,,,,,,,,,,,,,,
2020-01-30 09:31:18.730000000,Add Order,1580394678730000000,A,640627,S,9900.0,25.22,252200.0,XIU,79.0,,,,,,,,,,,,,,
2020-01-30 09:31:18.857000000,Add Order,1580394678857000000,A,641227,B,9900.0,25.21,252100.0,XIU,79.0,,,,,,,,,,,,,,
2020-01-30 09:31:18.961000000,Add Order,1580394678961000000,A,641807,B,2000.0,25.09,250900.0,XIU,79.0,,,,,,,,,,,,,,
2020-01-30 09:31:18.963000000,Add Order,1580394678963000000,A,641821,S,9900.0,25.22,252200.0,XIU,79.0,,,,,,,,,,,,,,
2020-01-30 09:31:19.008000000,Add Order,1580394679008000000,A,641957,S,9900.0,25.22,252200.0,XIU,79.0,,,,,,,,,,,,,,
2020-01-30 09:31:19.775000000,Add Order,1580394679775000000,A,646315,B,2000.0,25.19,251900.0,XIU,79.0,,,,,,,,,,,,,,
2020-01-30 09:31:19.860000000,Add Order,1580394679860000000,A,647078,B,2000.0,25.09,250900.0,XIU,79.0,,,,,,,,,,,,,,
2020-01-30 09:31:20.467000000,Add Order,1580394680467000000,A,651067,S,700.0,25.22,252200.0,XIU,79.0,,,,,,,,,,,,,,
2020-01-30 09:31:20.853000000,Add Order,1580394680853000000,A,653523,B,2000.0,25.19,251900.0,XIU,79.0,,,,,,,,,,,,,,
2020-01-30 09:31:20.981000000,Add Order,1580394680981000000,A,654678,B,2000.0,25.09,250900.0,XIU,79.0,,,,,,,,,,,,,,
2020-01-30 09:31:21.911000000,Add Order,1580394681911000000,A,660233,S,3000.0,25.22,252200.0,XIU,79.0,,,,,,,,,,,,,,
2020-01-30 09:31:22.973000000,Add Order,1580394682973000000,A,665957,S,1200.0,25.21,252100.0,XIU,79.0,,,,,,,,,,,,,,
2020-01-30 09:31:22.974000000,Add Order,1580394682974000000,A,665960,S,1000.0,25.21,252100.0,XIU,79.0,,,,,,,,,,,,,,
2020-01-30 09:31:22.974000000,Add Order,1580394682974000000,A,665961,S,2000.0,25.21,252100.0,XIU,79.0,,,,,,,,,,,,,,
2020-01-30 09:31:22.974000000,Add Order,1580394682974000000,A,665966,S,27000.0,25.24,252400.0,XIU,79.0,,,,,,,,,,,,,,
2020-01-30 09:31:22.974000000,Add Order,1580394682974000000,A,665978,S,3200.0,25.21,252100.0,XIU,79.0,,,,,,,,,,,,,,
2020-01-30 09:31:23.179000000,Add Order,1580394683179000000,A,668529,S,9900.0,25.21,252100.0,XIU,79.0,,,,,,,,,,,,,,
2020-01-30 09:31:23.223000000,Add Order,1580394683223000000,A,669000,S,9900.0,25.21,252100.0,XIU,79.0,,,,,,,,,,,,,,
2020-01-30 09:31:23.646000000,Add Order,1580394683646000000,A,671125,B,2000.0,25.08,250800.0,XIU,79.0,,,,,,,,,,,,,,
2020-01-30 09:31:23.682000000,Add Order,1580394683682000000,A,671475,S,9900.0,25.21,252100.0,XIU,79.0,,,,,,,,,,,,,,
2020-01-30 09:31:23.737000000,Add Order,1580394683737000000,A,671805,S,9900.0,25.21,252100.0,XIU,79.0,,,,,,,,,,,,,,
2020-01-30 09:31:24.060000000,Add Order,1580394684060000000,A,673725,S,9900.0,25.21,252100.0,XIU,79.0,,,,,,,,,,,,,,
2020-01-30 09:31:24.174000000,Add Order,1580394684174000000,A,674410,S,2000.0,25.31,253100.0,XIU,79.0,,,,,,,,,,,,,,
2020-01-30 09:31:24.183000000,Add Order,1580394684183000000,A,674485,B,2000.0,25.18,251800.0,XIU,79.0,,,,,,,,,,,,,,
2020-01-30 09:31:24.196000000,Add Order,1580394684196000000,A,674546,S,3000.0,25.22,252200.0,XIU,79.0,,,,,,,,,,,,,,
2020-01-30 09:31:24.197000000,Add Order,1580394684197000000,A,674549,S,2000.0,25.21,252100.0,XIU,79.0,,,,,,,,,,,,,,
2020-01-30 09:31:24.207000000,Add Order,1580394684207000000,A,674626,B,2000.0,25.08,250800.0,XIU,79.0,,,,,,,,,,,,,,
2020-01-30 09:31:24.279000000,Add Order,1580394684279000000,A,675136,B,2000.0,25.18,251800.0,XIU,79.0,,,,,,,,,,,,,,
2020-01-30 09:31:24.300000000,Add Order,1580394684300000000,A,675321,S,3000.0,25.22,252200.0,XIU,79.0,,,,,,,,,,,,,,
2020-01-30 09:31:24.312000000,Add Order,1580394684312000000,A,675443,S,2000.0,25.31,253100.0,XIU,79.0,,,,,,,,,,,,,,
2020-01-30 09:31:24.312000000,Add Order,1580394684312000000,A,675467,S,3000.0,25.22,252200.0,XIU,79.0,,,,,,,,,,,,,,
2020-01-30 09:31:24.349000000,Add Order,1580394684349000000,A,675666,B,9900.0,25.2,252000.0,XIU,79.0,,,,,,,,,,,,,,
2020-01-30 09:31:24.355000000,Add Order,1580394684355000000,A,675723,B,9900.0,25.2,252000.0,XIU,79.0,,,,,,,,,,,,,,
2020-01-30 09:31:24.423000000,Add Order,1580394684423000000,A,676099,B,100.0,25.2,252000.0,XIU,79.0,,,,,,,,,,,,,,
2020-01-30 09:31:24.812000000,Add Order,1580394684812000000,A,678313,S,2000.0,25.21,252100.0,XIU,79.0,,,,,,,,,,,,,,
2020-01-30 09:31:25.337000000,Add Order,1580394685337000000,A,680790,B,9900.0,25.2,252000.0,XIU,79.0,,,,,,,,,,,,,,
2020-01-30 09:31:25.382000000,Add Order,1580394685382000000,A,681287,S,9900.0,25.21,252100.0,XIU,79.0,,,,,,,,,,,,,,
2020-01-30 09:31:25.446000000,Add Order,1580394685446000000,A,681818,B,2000.0,25.08,250800.0,XIU,79.0,,,,,,,,,,,,,,
2020-01-30 09:31:26.135000000,Add Order,1580394686135000000,A,686598,S,9900.0,25.21,252100.0,XIU,79.0,,,,,,,,,,,,,,
2020-01-30 09:31:26.618000000,Add Order,1580394686618000000,A,690654,S,9900.0,25.21,252100.0,XIU,79.0,,,,,,,,,,,,,,
2020-01-30 09:31:26.755000000,Add Order,1580394686755000000,A,691378,S,3000.0,25.21,252100.0,XIU,79.0,,,,,,,,,,,,,,
2020-01-30 09:31:28.464000000,Add Order,1580394688464000000,A,700926,S,2000.0,25.21,252100.0,XIU,79.0,,,,,,,,,,,,,,
2020-01-30 09:31:28.465000000,Add Order,1580394688465000000,A,700952,S,2000.0,25.2,252000.0,XIU,79.0,,,,,,,,,,,,,,
2020-01-30 09:31:28.465000000,Add Order,1580394688465000000,A,700954,S,27000.0,25.23,252300.0,XIU,79.0,,,,,,,,,,,,,,
2020-01-30 09:31:28.486000000,Add Order,1580394688486000000,A,701665,B,2000.0,25.07,250700.0,XIU,79.0,,,,,,,,,,,,,,
2020-01-30 09:31:31.314000000,Add Order,1580394691314000000,A,720010,B,9900.0,25.19,251900.0,XIU,79.0,,,,,,,,,,,,,,
2020-01-30 09:31:31.575000000,Add Order,1580394691575000000,A,721605,B,9900.0,25.19,251900.0,XIU,79.0,,,,,,,,,,,,,,
2020-01-30 09:31:31.681000000,Add Order,1580394691681000000,A,722116,B,4300.0,25.18,251800.0,XIU,79.0,,,,,,,,,,,,,,
2020-01-30 09:31:31.847000000,Add Order,1580394691847000000,A,722970,B,9900.0,25.19,251900.0,XIU,79.0,,,,,,,,,,,,,,
2020-01-30 09:31:32.977000000,Add Order,1580394692977000000,A,728768,S,19800.0,25.2,252000.0,XIU,79.0,,,,,,,,,,,,,,
2020-01-30 09:31:33.276000000,Add Order,1580394693276000000,A,730569,B,9900.0,25.19,251900.0,XIU,79.0,,,,,,,,,,,,,,
2020-01-30 09:31:33.390000000,Add Order,1580394693390000000,A,728768,S,9900.0,25.2,252000.0,XIU,79.0,,,,,,,,,,,,,,
2020-01-30 09:31:33.390000000,Add Order,1580394693390000000,A,731385,B,200.0,25.19,251900.0,XIU,79.0,,,,,,,,,,,,,,
2020-01-30 09:31:33.502000000,Add Order,1580394693502000000,A,732765,B,900.0,25.19,251900.0,XIU,79.0,,,,,,,,,,,,,,
2020-01-30 09:31:33.547000000,Add Order,1580394693547000000,A,733203,S,2000.0,25.2,252000.0,XIU,79.0,,,,,,,,,,,,,,
2020-01-30 09:31:33.547000000,Add Order,1580394693547000000,A,733216,S,5000.0,25.2,252000.0,XIU,79.0,,,,,,,,,,,,,,
2020-01-30 09:31:34.366000000,Add Order,1580394694366000000,A,738152,B,900.0,25.19,251900.0,XIU,79.0,,,,,,,,,,,,,,
2020-01-30 09:31:34.412000000,Order Execution,1580394694412000000,E,733203,,,,,,79.0,2000.0,3006885.0,738524.0,,80.0,,,,,,,,,
2020-01-30 09:31:34.412000000,Add Order,1580394694412000000,A,738526,B,2000.0,25.19,251900.0,XIU,79.0,,,,,,,,,,,,,,
2020-01-30 09:31:34.413000000,Add Order,1580394694413000000,A,738609,B,30000.0,25.17,251700.0,XIU,79.0,,,,,,,,,,,,,,
2020-01-30 09:31:34.414000000,Add Order,1580394694414000000,A,738659,B,2000.0,25.17,251700.0,XIU,79.0,,,,,,,,,,,,,,
2020-01-30 09:31:34.513000000,Add Order,1580394694513000000,A,739491,S,2000.0,25.3,253000.0,XIU,79.0,,,,,,,,,,,,,,
2020-01-30 09:31:35.153000000,Add Order,1580394695153000000,A,744003,S,3000.0,25.21,252100.0,XIU,79.0,,,,,,,,,,,,,,
2020-01-30 09:31:35.156000000,Add Order,1580394695156000000,A,744034,S,9900.0,25.21,252100.0,XIU,79.0,,,,,,,,,,,,,,
2020-01-30 09:31:35.346000000,Add Order,1580394695346000000,A,745491,S,19800.0,25.21,252100.0,XIU,79.0,,,,,,,,,,,,,,
2020-01-30 09:31:35.460000000,Add Order,1580394695460000000,A,746098,B,4300.0,25.19,251900.0,XIU,79.0,,,,,,,,,,,,,,
2020-01-30 09:31:35.596000000,Add Order,1580394695596000000,A,747054,S,3000.0,25.21,252100.0,XIU,79.0,,,,,,,,,,,,,,
2020-01-30 09:31:35.623000000,Add Order,1580394695623000000,A,745491,S,9900.0,25.21,252100.0,XIU,79.0,,,,,,,,,,,,,,
2020-01-30 09:31:35.657000000,Add Order,1580394695657000000,A,747503,S,9900.0,25.21,252100.0,XIU,79.0,,,,,,,,,,,,,,
2020-01-30 09:31:35.669000000,Add Order,1580394695669000000,A,747582,S,3000.0,25.21,252100.0,XIU,79.0,,,,,,,,,,,,,,
2020-01-30 09:31:35.808000000,Add Order,1580394695808000000,A,748809,B,4300.0,25.19,251900.0,XIU,79.0,,,,,,,,,,,,,,
2020-01-30 09:31:38.128000000,Add Order,1580394698128000000,A,761302,S,19800.0,25.21,252100.0,XIU,79.0,,,,,,,,,,,,,,
2020-01-30 09:31:38.468000000,Add Order,1580394698468000000,A,763230,B,9900.0,25.2,252000.0,XIU,79.0,,,,,,,,,,,,,,
2020-01-30 09:31:39.033000000,Add Order,1580394699033000000,A,765920,S,9900.0,25.21,252100.0,XIU,79.0,,,,,,,,,,,,,,
2020-01-30 09:31:40.810000000,Add Order,1580394700810000000,A,775533,B,9900.0,25.2,252000.0,XIU,79.0,,,,,,,,,,,,,,
2020-01-30 09:31:41.048000000,Add Order,1580394701048000000,A,776802,B,9900.0,25.2,252000.0,XIU,79.0,,,,,,,,,,,,,,
2020-01-30 09:31:41.169000000,Add Order,1580394701169000000,A,777606,S,2000.0,25.21,252100.0,XIU,79.0,,,,,,,,,,,,,,
2020-01-30 09:31:41.170000000,Add Order,1580394701170000000,A,761302,S,9900.0,25.21,252100.0,XIU,79.0,,,,,,,,,,,,,,
2020-01-30 09:31:41.233000000,Add Order,1580394701233000000,A,778061,B,600.0,25.2,252000.0,XIU,79.0,,,,,,,,,,,,,,
2020-01-30 09:31:41.250000000,Add Order,1580394701250000000,A,778199,S,9900.0,25.21,252100.0,XIU,79.0,,,,,,,,,,,,,,
2020-01-30 09:31:41.253000000,Add Order,1580394701253000000,A,778219,S,9900.0,25.21,252100.0,XIU,79.0,,,,,,,,,,,,,,
2020-01-30 09:31:41.327000000,Add Order,1580394701327000000,A,778522,S,9900.0,25.21,252100.0,XIU,79.0,,,,,,,,,,,,,,
2020-01-30 09:31:42.007000000,Add Order,1580394702007000000,A,781155,S,9900.0,25.21,252100.0,XIU,79.0,,,,,,,,,,,,,,
2020-01-30 09:31:42.147000000,Add Order,1580394702147000000,A,782028,S,9900.0,25.21,252100.0,XIU,79.0,,,,,,,,,,,,,,
2020-01-30 09:31:42.206000000,Add Order,1580394702206000000,A,782455,S,9900.0,25.21,252100.0,XIU,79.0,,,,,,,,,,,,,,
2020-01-30 09:31:42.227000000,Add Order,1580394702227000000,A,782625,B,4300.0,25.19,251900.0,XIU,79.0,,,,,,,,,,,,,,
2020-01-30 09:31:42.238000000,Add Order,1580394702238000000,A,782686,B,4300.0,25.19,251900.0,XIU,79.0,,,,,,,,,,,,,,
2020-01-30 09:31:42.301000000,Add Order,1580394702301000000,A,783053,B,4300.0,25.19,251900.0,XIU,79.0,,,,,,,,,,,,,,
2020-01-30 09:31:42.564000000,Add Order,1580394702564000000,A,784064,B,4300.0,25.19,251900.0,XIU,79.0,,,,,,,,,,,,,,
2020-01-30 09:31:42.618000000,Add Order,1580394702618000000,A,784294,S,3000.0,25.21,252100.0,XIU,79.0,,,,,,,,,,,,,,
2020-01-30 09:31:44.180000000,Add Order,1580394704180000000,A,791628,B,9900.0,25.2,252000.0,XIU,79.0,,,,,,,,,,,,,,
2020-01-30 09:31:44.200000000,Add Order,1580394704200000000,A,791980,B,300.0,25.2,252000.0,XIU,79.0,,,,,,,,,,,,,,
2020-01-30 09:31:44.420000000,Add Order,1580394704420000000,A,793249,B,4300.0,25.19,251900.0,XIU,79.0,,,,,,,,,,,,,,
2020-01-30 09:31:44.436000000,Add Order,1580394704436000000,A,793360,B,9900.0,25.2,252000.0,XIU,79.0,,,,,,,,,,,,,,
2020-01-30 09:31:45.189000000,Add Order,1580394705189000000,A,797120,B,200.0,25.2,252000.0,XIU,79.0,,,,,,,,,,,,,,
2020-01-30 09:31:46.173000000,Add Order,1580394706173000000,A,801954,B,9900.0,25.2,252000.0,XIU,79.0,,,,,,,,,,,,,,
2020-01-30 09:31:46.174000000,Add Order,1580394706174000000,A,801955,S,9900.0,25.21,252100.0,XIU,79.0,,,,,,,,,,,,,,
2020-01-30 09:31:46.951000000,Add Order,1580394706951000000,A,805569,S,3000.0,25.21,252100.0,XIU,79.0,,,,,,,,,,,,,,
2020-01-30 09:31:46.982000000,Add Order,1580394706982000000,A,805824,S,3000.0,25.21,252100.0,XIU,79.0,,,,,,,,,,,,,,
2020-01-30 09:31:46.987000000,Add Order,1580394706987000000,A,806109,B,9900.0,25.2,252000.0,XIU,79.0,,,,,,,,,,,,,,
2020-01-30 09:31:47.086000000,Add Order,1580394707086000000,A,806897,S,9900.0,25.21,252100.0,XIU,79.0,,,,,,,,,,,,,,
2020-01-30 09:31:47.588000000,Add Order,1580394707588000000,A,808755,S,9900.0,25.21,252100.0,XIU,79.0,,,,,,,,,,,,,,
2020-01-30 09:31:47.695000000,Add Order,1580394707695000000,A,809462,B,9900.0,25.2,252000.0,XIU,79.0,,,,,,,,,,,,,,
2020-01-30 09:31:47.702000000,Add Order,1580394707702000000,A,809494,B,9900.0,25.2,252000.0,XIU,79.0,,,,,,,,,,,,,,
2020-01-30 09:31:47.773000000,Add Order,1580394707773000000,A,809760,B,4300.0,25.19,251900.0,XIU,79.0,,,,,,,,,,,,,,
2020-01-30 09:31:48.089000000,Add Order,1580394708089000000,A,811619,S,9900.0,25.21,252100.0,XIU,79.0,,,,,,,,,,,,,,
2020-01-30 09:31:48.255000000,Add Order,1580394708255000000,A,812529,S,19800.0,25.21,252100.0,XIU,79.0,,,,,,,,,,,,,,
2020-01-30 09:31:48.319000000,Add Order,1580394708319000000,A,812833,S,3000.0,25.21,252100.0,XIU,79.0,,,,,,,,,,,,,,
2020-01-30 09:31:49.559000000,Add Order,1580394709559000000,A,818506,B,4300.0,25.19,251900.0,XIU,79.0,,,,,,,,,,,,,,
2020-01-30 09:31:51.137000000,Add Order,1580394711137000000,A,825311,B,9900.0,25.2,252000.0,XIU,79.0,,,,,,,,,,,,,,
2020-01-30 09:31:55.053000000,Add Order,1580394715053000000,A,845125,B,9900.0,25.2,252000.0,XIU,79.0,,,,,,,,,,,,,,
2020-01-30 09:31:55.083000000,Add Order,1580394715083000000,A,812529,S,9900.0,25.21,252100.0,XIU,79.0,,,,,,,,,,,,,,
2020-01-30 09:31:55.084000000,Add Order,1580394715084000000,A,845367,B,9900.0,25.2,252000.0,XIU,79.0,,,,,,,,,,,,,,
2020-01-30 09:31:55.662000000,Add Order,1580394715662000000,A,848413,S,9900.0,25.21,252100.0,XIU,79.0,,,,,,,,,,,,,,
2020-01-30 09:31:55.949000000,Add Order,1580394715949000000,A,850285,B,19800.0,25.2,252000.0,XIU,79.0,,,,,,,,,,,,,,
2020-01-30 09:31:56.017000000,Add Order,1580394716017000000,A,851282,B,4300.0,25.19,251900.0,XIU,79.0,,,,,,,,,,,,,,
2020-01-30 09:31:56.971000000,Add Order,1580394716971000000,A,857883,B,200.0,25.2,252000.0,XIU,79.0,,,,,,,,,,,,,,
2020-01-30 09:31:56.973000000,Add Order,1580394716973000000,A,858054,B,2000.0,25.18,251800.0,XIU,79.0,,,,,,,,,,,,,,
2020-01-30 09:31:57.005000000,Order Execution,1580394717005000000,E,777606,,,,,,79.0,2000.0,3008218.0,858635.0,,80.0,,,,,,,,,
2020-01-30 09:31:57.005000000,Add Order,1580394717005000000,A,858636,B,2000.0,25.2,252000.0,XIU,79.0,,,,,,,,,,,,,,
2020-01-30 09:31:57.005000000,Add Order,1580394717005000000,A,858640,B,2000.0,25.2,252000.0,XIU,79.0,,,,,,,,,,,,,,
2020-01-30 09:31:57.006000000,Add Order,1580394717006000000,A,858691,B,2000.0,25.2,252000.0,XIU,79.0,,,,,,,,,,,,,,
2020-01-30 09:31:57.006000000,Add Order,1580394717006000000,A,858636,B,2000.0,25.21,252100.0,XIU,79.0,,,,,,,,,,,,,,
2020-01-30 09:31:57.006000000,Add Order,1580394717006000000,A,858752,B,30000.0,25.18,251800.0,XIU,79.0,,,,,,,,,,,,,,
2020-01-30 09:31:57.016000000,Add Order,1580394717016000000,A,859188,S,9900.0,25.22,252200.0,XIU,79.0,,,,,,,,,,,,,,
2020-01-30 09:31:57.018000000,Add Order,1580394717018000000,A,859274,B,4300.0,25.2,252000.0,XIU,79.0,,,,,,,,,,,,,,
2020-01-30 09:31:57.106000000,Add Order,1580394717106000000,A,859861,S,2000.0,25.31,253100.0,XIU,79.0,,,,,,,,,,,,,,
2020-01-30 09:31:57.165000000,Add Order,1580394717165000000,A,860079,S,3000.0,25.22,252200.0,XIU,79.0,,,,,,,,,,,,,,
2020-01-30 09:31:59.109000000,Add Order,1580394719109000000,A,869602,S,3000.0,25.22,252200.0,XIU,79.0,,,,,,,,,,,,,,
2020-01-30 09:32:01.178000000,Add Order,1580394721178000000,A,887155,S,1800.0,25.21,252100.0,XIU,79.0,,,,,,,,,,,,,,
2020-01-30 09:32:01.179000000,Add Order,1580394721179000000,A,887161,S,27000.0,25.24,252400.0,XIU,79.0,,,,,,,,,,,,,,
2020-01-30 09:32:01.179000000,Add Order,1580394721179000000,A,887164,S,2000.0,25.21,252100.0,XIU,79.0,,,,,,,,,,,,,,
2020-01-30 09:32:01.402000000,Add Order,1580394721402000000,A,888618,S,2000.0,25.21,252100.0,XIU,79.0,,,,,,,,,,,,,,
2020-01-30 09:32:01.406000000,Add Order,1580394721406000000,A,888737,S,3000.0,25.22,252200.0,XIU,79.0,,,,,,,,,,,,,,
2020-01-30 09:32:01.931000000,Add Order,1580394721931000000,A,891658,S,9900.0,25.21,252100.0,XIU,79.0,,,,,,,,,,,,,,
2020-01-30 09:32:01.999000000,Add Order,1580394721999000000,A,892291,S,1000.0,25.21,252100.0,XIU,79.0,,,,,,,,,,,,,,
2020-01-30 09:32:02.231000000,Add Order,1580394722231000000,A,894302,B,2000.0,25.08,250800.0,XIU,79.0,,,,,,,,,,,,,,
2020-01-30 09:32:02.329000000,Add Order,1580394722329000000,A,895234,B,2000.0,25.18,251800.0,XIU,79.0,,,,,,,,,,,,,,
2020-01-30 09:32:02.384000000,Add Order,1580394722384000000,A,895721,B,2000.0,25.08,250800.0,XIU,79.0,,,,,,,,,,,,,,
2020-01-30 09:32:02.414000000,Add Order,1580394722414000000,A,896082,S,2000.0,25.21,252100.0,XIU,79.0,,,,,,,,,,,,,,
2020-01-30 09:32:02.635000000,Add Order,1580394722635000000,A,897579,S,2000.0,25.21,252100.0,XIU,79.0,,,,,,,,,,,,,,
2020-01-30 09:32:02.665000000,Add Order,1580394722665000000,A,897823,S,2000.0,25.31,253100.0,XIU,79.0,,,,,,,,,,,,,,
2020-01-30 09:32:02.885000000,Add Order,1580394722885000000,A,899373,B,2000.0,25.18,251800.0,XIU,79.0,,,,,,,,,,,,,,
2020-01-30 09:32:03.034000000,Add Order,1580394723034000000,A,900286,B,2000.0,25.2,252000.0,XIU,79.0,,,,,,,,,,,,,,
2020-01-30 09:32:03.034000000,Add Order,1580394723034000000,A,900307,B,3500.0,25.21,252100.0,XIU,79.0,,,,,,,,,,,,,,
2020-01-30 09:32:03.035000000,Add Order,1580394723035000000,A,900327,B,30000.0,25.18,251800.0,XIU,79.0,,,,,,,,,,,,,,
2020-01-30 09:32:03.048000000,Add Order,1580394723048000000,A,900650,B,4300.0,25.2,252000.0,XIU,79.0,,,,,,,,,,,,,,
2020-01-30 09:32:03.053000000,Add Order,1580394723053000000,A,900711,B,4300.0,25.2,252000.0,XIU,79.0,,,,,,,,,,,,,,
2020-01-30 09:32:04.041000000,Add Order,1580394724041000000,A,906107,S,9900.0,25.22,252200.0,XIU,79.0,,,,,,,,,,,,,,
2020-01-30 09:32:04.229000000,Add Order,1580394724229000000,A,906886,B,9900.0,25.21,252100.0,XIU,79.0,,,,,,,,,,,,,,
2020-01-30 09:32:05.693000000,Add Order,1580394725693000000,A,915832,S,3000.0,25.22,252200.0,XIU,79.0,,,,,,,,,,,,,,
2020-01-30 09:32:06.041000000,Add Order,1580394726041000000,A,917459,S,1300.0,25.21,252100.0,XIU,79.0,,,,,,,,,,,,,,
2020-01-30 09:32:06.041000000,Add Order,1580394726041000000,A,917460,S,2000.0,25.21,252100.0,XIU,79.0,,,,,,,,,,,,,,
2020-01-30 09:32:06.041000000,Add Order,1580394726041000000,A,917462,S,27000.0,25.24,252400.0,XIU,79.0,,,,,,,,,,,,,,
2020-01-30 09:32:06.697000000,Order Execution,1580394726697000000,E,917460,,,,,,79.0,2000.0,3008840.0,921189.0,,80.0,,,,,,,,,
2020-01-30 09:32:06.697000000,Add Order,1580394726697000000,A,921193,B,2000.0,25.2,252000.0,XIU,79.0,,,,,,,,,,,,,,
2020-01-30 09:32:06.798000000,Add Order,1580394726798000000,A,921881,S,2000.0,25.21,252100.0,XIU,79.0,,,,,,,,,,,,,,
2020-01-30 09:32:06.957000000,Add Order,1580394726957000000,A,922869,S,2000.0,25.21,252100.0,XIU,79.0,,,,,,,,,,,,,,
2020-01-30 09:32:06.966000000,Add Order,1580394726966000000,A,923021,B,4300.0,25.2,252000.0,XIU,79.0,,,,,,,,,,,,,,
2020-01-30 09:32:06.975000000,Add Order,1580394726975000000,A,923079,S,2000.0,25.21,252100.0,XIU,79.0,,,,,,,,,,,,,,
2020-01-30 09:32:07.038000000,Add Order,1580394727038000000,A,923773,B,2000.0,25.2,252000.0,XIU,79.0,,,,,,,,,,,,,,
2020-01-30 09:32:07.038000000,Add Order,1580394727038000000,A,923798,B,30000.0,25.18,251800.0,XIU,79.0,,,,,,,,,,,,,,
2020-01-30 09:32:07.042000000,Add Order,1580394727042000000,A,923887,B,9900.0,25.21,252100.0,XIU,79.0,,,,,,,,,,,,,,
2020-01-30 09:32:07.461000000,Add Order,1580394727461000000,A,925862,S,9900.0,25.22,252200.0,XIU,79.0,,,,,,,,,,,,,,
2020-01-30 09:32:07.475000000,Add Order,1580394727475000000,A,925962,S,2000.0,25.31,253100.0,XIU,79.0,,,,,,,,,,,,,,
2020-01-30 09:32:08.035000000,Add Order,1580394728035000000,A,929719,S,3000.0,25.22,252200.0,XIU,79.0,,,,,,,,,,,,,,
2020-01-30 09:32:08.054000000,Add Order,1580394728054000000,A,929942,B,4300.0,25.2,252000.0,XIU,79.0,,,,,,,,,,,,,,
2020-01-30 09:32:08.576000000,Add Order,1580394728576000000,A,933932,B,4300.0,25.2,252000.0,XIU,79.0,,,,,,,,,,,,,,
2020-01-30 09:32:09.162000000,Add Order,1580394729162000000,A,937469,B,4300.0,25.2,252000.0,XIU,79.0,,,,,,,,,,,,,,
2020-01-30 09:32:09.707000000,Add Order,1580394729707000000,A,940630,S,2000.0,25.21,252100.0,XIU,79.0,,,,,,,,,,,,,,
2020-01-30 09:32:09.707000000,Add Order,1580394729707000000,A,940641,S,1400.0,25.21,252100.0,XIU,79.0,,,,,,,,,,,,,,
2020-01-30 09:32:09.707000000,Add Order,1580394729707000000,A,940644,S,2400.0,25.21,252100.0,XIU,79.0,,,,,,,,,,,,,,
2020-01-30 09:32:09.707000000,Add Order,1580394729707000000,A,940658,S,27000.0,25.24,252400.0,XIU,79.0,,,,,,,,,,,,,,
2020-01-30 09:32:09.927000000,Add Order,1580394729927000000,A,941953,S,2000.0,25.21,252100.0,XIU,79.0,,,,,,,,,,,,,,
2020-01-30 09:32:09.952000000,Add Order,1580394729952000000,A,942071,S,2000.0,25.21,252100.0,XIU,79.0,,,,,,,,,,,,,,
2020-01-30 09:32:10.159000000,Add Order,1580394730159000000,A,943371,B,4300.0,25.2,252000.0,XIU,79.0,,,,,,,,,,,,,,
2020-01-30 09:32:10.428000000,Add Order,1580394730428000000,A,945065,S,3000.0,25.22,252200.0,XIU,79.0,,,,,,,,,,,,,,
2020-01-30 09:32:10.453000000,Add Order,1580394730453000000,A,945234,S,2000.0,25.21,252100.0,XIU,79.0,,,,,,,,,,,,,,
2020-01-30 09:32:10.453000000,Add Order,1580394730453000000,A,945236,S,3100.0,25.21,252100.0,XIU,79.0,,,,,,,,,,,,,,
2020-01-30 09:32:14.530000000,Add Order,1580394734530000000,A,967389,B,1000.0,25.2,252000.0,XIU,79.0,,,,,,,,,,,,,,
2020-01-30 09:32:14.867000000,Order Execution,1580394734867000000,E,945234,,,,,,79.0,2000.0,3009282.0,970244.0,,79.0,,,,,,,,,
2020-01-30 09:32:14.868000000,Add Order,1580394734868000000,A,970251,B,2000.0,25.2,252000.0,XIU,79.0,,,,,,,,,,,,,,
2020-01-30 09:32:14.868000000,Add Order,1580394734868000000,A,970252,B,2000.0,25.2,252000.0,XIU,79.0,,,,,,,,,,,,,,
2020-01-30 09:32:14.868000000,Add Order,1580394734868000000,A,970285,B,30000.0,25.18,251800.0,XIU,79.0,,,,,,,,,,,,,,
2020-01-30 09:32:14.968000000,Add Order,1580394734968000000,A,971186,S,2000.0,25.31,253100.0,XIU,79.0,,,,,,,,,,,,,,
2020-01-30 09:32:18.748000000,Add Order,1580394738748000000,A,989089,S,27000.0,25.24,252400.0,XIU,79.0,,,,,,,,,,,,,,
2020-01-30 09:32:18.757000000,Add Order,1580394738757000000,A,989156,S,600.0,25.21,252100.0,XIU,79.0,,,,,,,,,,,,,,
2020-01-30 09:32:19.106000000,Add Order,1580394739106000000,A,990688,B,1300.0,25.21,252100.0,XIU,79.0,,,,,,,,,,,,,,
2020-01-30 09:32:19.106000000,Add Order,1580394739106000000,A,990710,B,30000.0,25.18,251800.0,XIU,79.0,,,,,,,,,,,,,,
2020-01-30 09:32:19.444000000,Add Order,1580394739444000000,A,992242,S,2000.0,25.21,252100.0,XIU,79.0,,,,,,,,,,,,,,
2020-01-30 09:32:19.444000000,Add Order,1580394739444000000,A,992244,S,6600.0,25.21,252100.0,XIU,79.0,,,,,,,,,,,,,,
2020-01-30 09:32:19.444000000,Add Order,1580394739444000000,A,992246,S,1000.0,25.21,252100.0,XIU,79.0,,,,,,,,,,,,,,
2020-01-30 09:32:19.444000000,Add Order,1580394739444000000,A,992248,S,27000.0,25.24,252400.0,XIU,79.0,,,,,,,,,,,,,,
2020-01-30 09:32:19.578000000,Order Execution,1580394739578000000,E,992242,,,,,,79.0,2000.0,3009536.0,992873.0,,80.0,,,,,,,,,
2020-01-30 09:32:19.578000000,Add Order,1580394739578000000,A,992877,B,2000.0,25.2,252000.0,XIU,79.0,,,,,,,,,,,,,,
2020-01-30 09:32:19.678000000,Add Order,1580394739678000000,A,993542,S,2000.0,25.21,252100.0,XIU,79.0,,,,,,,,,,,,,,
2020-01-30 09:32:21.695000000,Add Order,1580394741695000000,A,1003934,S,2000.0,25.31,253100.0,XIU,79.0,,,,,,,,,,,,,,
2020-01-30 09:32:21.702000000,Add Order,1580394741702000000,A,1003964,B,3900.0,25.21,252100.0,XIU,79.0,,,,,,,,,,,,,,
2020-01-30 09:32:21.702000000,Add Order,1580394741702000000,A,1003966,B,700.0,25.21,252100.0,XIU,79.0,,,,,,,,,,,,,,
2020-01-30 09:32:21.702000000,Add Order,1580394741702000000,A,1003967,B,30000.0,25.18,251800.0,XIU,79.0,,,,,,,,,,,,,,
2020-01-30 09:32:23.518000000,Add Order,1580394743518000000,A,1014185,B,4300.0,25.2,252000.0,XIU,79.0,,,,,,,,,,,,,,
2020-01-30 09:32:23.629000000,Add Order,1580394743629000000,A,1014816,B,4300.0,25.2,252000.0,XIU,79.0,,,,,,,,,,,,,,
2020-01-30 09:32:23.790000000,Add Order,1580394743790000000,A,1015680,B,9900.0,25.21,252100.0,XIU,79.0,,,,,,,,,,,,,,
2020-01-30 09:32:23.809000000,Add Order,1580394743809000000,A,1015919,B,4300.0,25.2,252000.0,XIU,79.0,,,,,,,,,,,,,,
2020-01-30 09:32:24.279000000,Add Order,1580394744279000000,A,1018169,B,4300.0,25.2,252000.0,XIU,79.0,,,,,,,,,,,,,,
2020-01-30 09:32:24.445000000,Add Order,1580394744445000000,A,1018901,S,2000.0,25.32,253200.0,XIU,79.0,,,,,,,,,,,,,,
2020-01-30 09:32:24.448000000,Add Order,1580394744448000000,A,1018985,B,9900.0,25.21,252100.0,XIU,79.0,,,,,,,,,,,,,,
2020-01-30 09:32:24.454000000,Add Order,1580394744454000000,A,1019066,B,4300.0,25.2,252000.0,XIU,79.0,,,,,,,,,,,,,,
2020-01-30 09:32:24.471000000,Add Order,1580394744471000000,A,1019164,S,2000.0,25.22,252200.0,XIU,79.0,,,,,,,,,,,,,,
2020-01-30 09:32:24.532000000,Add Order,1580394744532000000,A,1019629,S,19800.0,25.22,252200.0,XIU,79.0,,,,,,,,,,,,,,
2020-01-30 09:32:26.247000000,Add Order,1580394746247000000,A,1027185,S,3000.0,25.22,252200.0,XIU,79.0,,,,,,,,,,,,,,
2020-01-30 09:32:26.812000000,Add Order,1580394746812000000,A,1029107,S,2000.0,25.22,252200.0,XIU,79.0,,,,,,,,,,,,,,
2020-01-30 09:32:26.812000000,Add Order,1580394746812000000,A,1029111,S,2000.0,25.22,252200.0,XIU,79.0,,,,,,,,,,,,,,
2020-01-30 09:32:26.813000000,Add Order,1580394746813000000,A,1029116,S,600.0,25.21,252100.0,XIU,79.0,,,,,,,,,,,,,,
2020-01-30 09:32:26.813000000,Add Order,1580394746813000000,A,1029125,S,27000.0,25.24,252400.0,XIU,79.0,,,,,,,,,,,,,,
2020-01-30 09:32:26.875000000,Add Order,1580394746875000000,A,1029940,S,2000.0,25.21,252100.0,XIU,79.0,,,,,,,,,,,,,,
2020-01-30 09:32:26.877000000,Add Order,1580394746877000000,A,1029972,S,2900.0,25.21,252100.0,XIU,79.0,,,,,,,,,,,,,,
2020-01-30 09:32:28.649000000,Add Order,1580394748649000000,A,1037844,S,9900.0,25.21,252100.0,XIU,79.0,,,,,,,,,,,,,,
2020-01-30 09:32:28.698000000,Add Order,1580394748698000000,A,1038001,S,700.0,25.21,252100.0,XIU,79.0,,,,,,,,,,,,,,
2020-01-30 09:32:29.189000000,Add Order,1580394749189000000,A,1040686,S,9900.0,25.21,252100.0,XIU,79.0,,,,,,,,,,,,,,
2020-01-30 09:32:29.356000000,Add Order,1580394749356000000,A,1041759,B,2000.0,25.08,250800.0,XIU,79.0,,,,,,,,,,,,,,
2020-01-30 09:32:29.415000000,Add Order,1580394749415000000,A,1041987,B,2000.0,25.18,251800.0,XIU,79.0,,,,,,,,,,,,,,
2020-01-30 09:32:29.687000000,Add Order,1580394749687000000,A,1043527,S,2200.0,25.21,252100.0,XIU,79.0,,,,,,,,,,,,,,
2020-01-30 09:32:30.120000000,Add Order,1580394750120000000,A,1045563,B,2000.0,25.08,250800.0,XIU,79.0,,,,,,,,,,,,,,
2020-01-30 09:32:30.676000000,Add Order,1580394750676000000,A,1048137,S,1400.0,25.21,252100.0,XIU,79.0,,,,,,,,,,,,,,
2020-01-30 09:32:30.906000000,Add Order,1580394750906000000,A,1048928,S,3000.0,25.21,252100.0,XIU,79.0,,,,,,,,,,,,,,
2020-01-30 09:32:30.909000000,Add Order,1580394750909000000,A,1048959,S,9900.0,25.21,252100.0,XIU,79.0,,,,,,,,,,,,,,
2020-01-30 09:32:31.244000000,Add Order,1580394751244000000,A,1050512,S,9900.0,25.21,252100.0,XIU,79.0,,,,,,,,,,,,,,
2020-01-30 09:32:31.263000000,Add Order,1580394751263000000,A,1050989,S,9900.0,25.21,252100.0,XIU,79.0,,,,,,,,,,,,,,
2020-01-30 09:32:31.335000000,Add Order,1580394751335000000,A,850285,B,9900.0,25.2,252000.0,XIU,79.0,,,,,,,,,,,,,,
2020-01-30 09:32:32.109000000,Add Order,1580394752109000000,A,1055728,B,19800.0,25.2,252000.0,XIU,79.0,,,,,,,,,,,,,,
2020-01-30 09:32:32.142000000,Add Order,1580394752142000000,A,1056052,B,4300.0,25.19,251900.0,XIU,79.0,,,,,,,,,,,,,,
2020-01-30 09:32:32.142000000,Add Order,1580394752142000000,A,1056056,B,9900.0,25.2,252000.0,XIU,79.0,,,,,,,,,,,,,,
2020-01-30 09:32:32.301000000,Add Order,1580394752301000000,A,1057017,B,4300.0,25.19,251900.0,XIU,79.0,,,,,,,,,,,,,,
2020-01-30 09:32:32.351000000,Add Order,1580394752351000000,A,1057194,B,4300.0,25.19,251900.0,XIU,79.0,,,,,,,,,,,,,,
2020-01-30 09:32:32.415000000,Add Order,1580394752415000000,A,1057462,B,4300.0,25.19,251900.0,XIU,79.0,,,,,,,,,,,,,,
2020-01-30 09:32:32.468000000,Add Order,1580394752468000000,A,1057677,B,19800.0,25.2,252000.0,XIU,79.0,,,,,,,,,,,,,,
2020-01-30 09:32:32.502000000,Add Order,1580394752502000000,A,1058077,B,4300.0,25.19,251900.0,XIU,79.0,,,,,,,,,,,,,,
2020-01-30 09:32:32.603000000,Add Order,1580394752603000000,A,1058505,B,19800.0,25.2,252000.0,XIU,79.0,,,,,,,,,,,,,,
2020-01-30 09:32:32.694000000,Add Order,1580394752694000000,A,1058772,S,9900.0,25.21,252100.0,XIU,79.0,,,,,,,,,,,,,,
2020-01-30 09:32:32.734000000,Add Order,1580394752734000000,A,1059133,B,19800.0,25.2,252000.0,XIU,79.0,,,,,,,,,,,,,,
2020-01-30 09:32:32.752000000,Add Order,1580394752752000000,A,1059526,B,9900.0,25.2,252000.0,XIU,79.0,,,,,,,,,,,,,,
2020-01-30 09:32:32.768000000,Add Order,1580394752768000000,A,1059675,B,9900.0,25.2,252000.0,XIU,79.0,,,,,,,,,,,,,,
2020-01-30 09:32:33.064000000,Add Order,1580394753064000000,A,1061398,S,3000.0,25.21,252100.0,XIU,79.0,,,,,,,,,,,,,,
2020-01-30 09:32:33.642000000,Add Order,1580394753642000000,A,1063774,B,6100.0,25.2,252000.0,XIU,79.0,,,,,,,,,,,,,,
2020-01-30 09:32:33.642000000,Add Order,1580394753642000000,A,1063775,S,4500.0,25.21,252100.0,XIU,79.0,,,,,,,,,,,,,,
2020-01-30 09:32:33.856000000,Add Order,1580394753856000000,A,1064978,B,2000.0,25.18,251800.0,XIU,79.0,,,,,,,,,,,,,,
2020-01-30 09:32:33.985000000,Add Order,1580394753985000000,A,1065807,B,2000.0,25.08,250800.0,XIU,79.0,,,,,,,,,,,,,,
2020-01-30 09:32:34.459000000,Add Order,1580394754459000000,A,1067773,S,9900.0,25.21,252100.0,XIU,79.0,,,,,,,,,,,,,,
2020-01-30 09:32:34.467000000,Add Order,1580394754467000000,A,1067807,S,3000.0,25.21,252100.0,XIU,79.0,,,,,,,,,,,,,,
2020-01-30 09:32:34.631000000,Add Order,1580394754631000000,A,1068527,S,2500.0,25.21,252100.0,XIU,79.0,,,,,,,,,,,,,,
2020-01-30 09:32:34.891000000,Add Order,1580394754891000000,A,1069810,B,2000.0,25.18,251800.0,XIU,79.0,,,,,,,,,,,,,,
2020-01-30 09:32:35.214000000,Add Order,1580394755214000000,A,1071680,B,2100.0,25.2,252000.0,XIU,79.0,,,,,,,,,,,,,,
2020-01-30 09:32:35.620000000,Add Order,1580394755620000000,A,1073246,S,2000.0,25.21,252100.0,XIU,79.0,,,,,,,,,,,,,,
2020-01-30 09:32:36.134000000,Add Order,1580394756134000000,A,1074768,S,9900.0,25.21,252100.0,XIU,79.0,,,,,,,,,,,,,,
2020-01-30 09:32:36.609000000,Add Order,1580394756609000000,A,1077323,B,800.0,25.2,252000.0,XIU,79.0,,,,,,,,,,,,,,
2020-01-30 09:32:36.765000000,Add Order,1580394756765000000,A,1078155,B,1000.0,25.2,252000.0,XIU,79.0,,,,,,,,,,,,,,
2020-01-30 09:32:36.769000000,Add Order,1580394756769000000,A,1078225,B,1100.0,25.2,252000.0,XIU,79.0,,,,,,,,,,,,,,
2020-01-30 09:32:36.872000000,Order Execution,1580394756872000000,E,1029940,,,,,,79.0,2000.0,3010462.0,1079391.0,,80.0,,,,,,,,,
2020-01-30 09:32:36.872000000,Add Order,1580394756872000000,A,1079400,B,2000.0,25.2,252000.0,XIU,79.0,,,,,,,,,,,,,,
2020-01-30 09:32:36.897000000,Add Order,1580394756897000000,A,1079957,B,2000.0,25.2,252000.0,XIU,79.0,,,,,,,,,,,,,,
2020-01-30 09:32:36.897000000,Add Order,1580394756897000000,A,1079987,B,30000.0,25.18,251800.0,XIU,79.0,,,,,,,,,,,,,,
2020-01-30 09:32:36.973000000,Add Order,1580394756973000000,A,1080897,S,2000.0,25.31,253100.0,XIU,79.0,,,,,,,,,,,,,,
2020-01-30 09:32:39.384000000,Add Order,1580394759384000000,A,1092638,S,2000.0,25.21,252100.0,XIU,79.0,,,,,,,,,,,,,,
2020-01-30 09:32:39.384000000,Add Order,1580394759384000000,A,1092640,S,6300.0,25.21,252100.0,XIU,79.0,,,,,,,,,,,,,,
2020-01-30 09:32:39.384000000,Add Order,1580394759384000000,A,1092643,S,27000.0,25.24,252400.0,XIU,79.0,,,,,,,,,,,,,,
2020-01-30 09:32:42.298000000,Add Order,1580394762298000000,A,1107162,B,5400.0,25.2,252000.0,XIU,79.0,,,,,,,,,,,,,,
2020-01-30 09:32:42.542000000,Add Order,1580394762542000000,A,1108588,B,2200.0,25.2,252000.0,XIU,79.0,,,,,,,,,,,,,,
2020-01-30 09:32:43.215000000,Add Order,1580394763215000000,A,1110789,B,900.0,25.2,252000.0,XIU,79.0,,,,,,,,,,,,,,
2020-01-30 09:32:43.267000000,Order Execution,1580394763267000000,E,1092638,,,,,,79.0,2000.0,3010858.0,1111205.0,,80.0,,,,,,,,,
2020-01-30 09:32:43.267000000,Add Order,1580394763267000000,A,1111208,B,2000.0,25.2,252000.0,XIU,79.0,,,,,,,,,,,,,,
2020-01-30 09:32:43.269000000,Add Order,1580394763269000000,A,1111349,B,2000.0,25.2,252000.0,XIU,79.0,,,,,,,,,,,,,,
2020-01-30 09:32:43.270000000,Add Order,1580394763270000000,A,1111408,B,30000.0,25.18,251800.0,XIU,79.0,,,,,,,,,,,,,,
2020-01-30 09:32:43.280000000,Add Order,1580394763280000000,A,1111703,B,4300.0,25.2,252000.0,XIU,79.0,,,,,,,,,,,,,,
