time,Msg Type,Time Stamp,Message Type,Order Reference,Buy/Sell Indicator,Shares,Price Decimal,Price,Stock,Broker,Executed Shares,Trade Reference,Contra Order Reference,Trade Attribute,Contra Broker,Cancelled Shares,Cross Type,Settlement Terms,Event Code,Trading State,Listing Market,Board Lot Size,Currency,GEF Eligible
2020-01-30 09:30:01.019000000,Add Order,1580394601019000000,A,73892,B,600.0,25.1,251000.0,XIU,39.0,,,,,,,,,,,,,,
2020-01-30 09:30:01.019000000,Add Order,1580394601019000000,A,73894,S,500.0,25.34,253400.0,XIU,39.0,,,,,,,,,,,,,,
2020-01-30 09:30:01.409000000,Add Order,1580394601409000000,A,81233,B,100.0,25.16,251600.0,XIU,39.0,,,,,,,,,,,,,,
2020-01-30 09:30:01.518000000,Add Order,1580394601518000000,A,83144,B,500.0,25.15,251500.0,XIU,39.0,,,,,,,,,,,,,,
2020-01-30 09:30:01.575000000,Add Order,1580394601575000000,A,83883,S,600.0,25.33,253300.0,XIU,39.0,,,,,,,,,,,,,,
2020-01-30 09:30:02.023000000,Add Order,1580394602023000000,A,89703,B,600.0,25.14,251400.0,XIU,39.0,,,,,,,,,,,,,,
2020-01-30 09:30:02.075000000,Add Order,1580394602075000000,A,90726,S,500.0,25.34,253400.0,XIU,39.0,,,,,,,,,,,,,,
2020-01-30 09:30:02.528000000,Add Order,1580394602528000000,A,97016,B,500.0,25.14,251400.0,XIU,39.0,,,,,,,,,,,,,,
2020-01-30 09:30:03.028000000,Add Order,1580394603028000000,A,102239,B,500.0,25.13,251300.0,XIU,39.0,,,,,,,,,,,,,,
2020-01-30 09:30:03.610000000,Add Order,1580394603610000000,A,108195,S,500.0,25.32,253200.0,XIU,39.0,,,,,,,,,,,,,,
2020-01-30 09:30:04.148000000,Add Order,1580394604148000000,A,113397,S,500.0,25.33,253300.0,XIU,39.0,,,,,,,,,,,,,,
2020-01-30 09:30:04.151000000,Add Order,1580394604151000000,A,113448,B,700.0,25.14,251400.0,XIU,39.0,,,,,,,,,,,,,,
2020-01-30 09:30:04.845000000,Add Order,1580394604845000000,A,119087,B,500.0,25.12,251200.0,XIU,39.0,,,,,,,,,,,,,,
2020-01-30 09:30:05.125000000,Add Order,1580394605125000000,A,122263,S,600.0,25.34,253400.0,XIU,39.0,,,,,,,,,,,,,,
2020-01-30 09:30:05.354000000,Add Order,1580394605354000000,A,124329,B,700.0,25.13,251300.0,XIU,39.0,,,,,,,,,,,,,,
2020-01-30 09:30:07.449000000,Add Order,1580394607449000000,A,139045,B,700.0,25.14,251400.0,XIU,39.0,,,,,,,,,,,,,,
2020-01-30 09:30:07.466000000,Add Order,1580394607466000000,A,139385,S,700.0,25.35,253500.0,XIU,39.0,,,,,,,,,,,,,,
2020-01-30 09:30:08.712000000,Add Order,1580394608712000000,A,147711,B,500.0,25.13,251300.0,XIU,39.0,,,,,,,,,,,,,,
2020-01-30 09:30:10.053000000,Add Order,1580394610053000000,A,157989,B,500.0,25.14,251400.0,XIU,39.0,,,,,,,,,,,,,,
2020-01-30 09:30:10.356000000,Add Order,1580394610356000000,A,162068,S,600.0,25.36,253600.0,XIU,39.0,,,,,,,,,,,,,,
2020-01-30 09:30:10.865000000,Add Order,1580394610865000000,A,165896,S,600.0,25.35,253500.0,XIU,39.0,,,,,,,,,,,,,,
2020-01-30 09:30:13.309000000,Add Order,1580394613309000000,A,180129,S,600.0,25.34,253400.0,XIU,39.0,,,,,,,,,,,,,,
2020-01-30 09:30:14.551000000,Add Order,1580394614551000000,A,186733,S,700.0,25.33,253300.0,XIU,39.0,,,,,,,,,,,,,,
2020-01-30 09:30:15.056000000,Add Order,1580394615056000000,A,189593,S,600.0,25.34,253400.0,XIU,39.0,,,,,,,,,,,,,,
2020-01-30 09:30:24.255000000,Add Order,1580394624255000000,A,252245,B,600.0,25.15,251500.0,XIU,39.0,,,,,,,,,,,,,,
2020-01-30 09:30:24.690000000,Add Order,1580394624690000000,A,255496,S,500.0,25.35,253500.0,XIU,39.0,,,,,,,,,,,,,,
2020-01-30 09:30:24.762000000,Add Order,1580394624762000000,A,256111,B,500.0,25.14,251400.0,XIU,39.0,,,,,,,,,,,,,,
2020-01-30 09:30:25.275000000,Add Order,1580394625275000000,A,260507,B,600.0,25.15,251500.0,XIU,39.0,,,,,,,,,,,,,,
2020-01-30 09:30:25.777000000,Add Order,1580394625777000000,A,264848,B,600.0,25.13,251300.0,XIU,39.0,,,,,,,,,,,,,,
2020-01-30 09:30:26.570000000,Add Order,1580394626570000000,A,270227,S,600.0,25.34,253400.0,XIU,39.0,,,,,,,,,,,,,,
2020-01-30 09:30:27.666000000,Add Order,1580394627666000000,A,278532,S,700.0,25.35,253500.0,XIU,39.0,,,,,,,,,,,,,,
2020-01-30 09:30:28.560000000,Add Order,1580394628560000000,A,283258,S,600.0,25.34,253400.0,XIU,39.0,,,,,,,,,,,,,,
2020-01-30 09:30:29.083000000,Add Order,1580394629083000000,A,288238,S,500.0,25.35,253500.0,XIU,39.0,,,,,,,,,,,,,,
2020-01-30 09:30:30.458000000,Add Order,1580394630458000000,A,297993,B,700.0,25.14,251400.0,XIU,39.0,,,,,,,,,,,,,,
2020-01-30 09:30:31.169000000,Add Order,1580394631169000000,A,302826,B,500.0,25.16,251600.0,XIU,39.0,,,,,,,,,,,,,,
2020-01-30 09:30:31.176000000,Add Order,1580394631176000000,A,303108,S,600.0,25.36,253600.0,XIU,39.0,,,,,,,,,,,,,,
2020-01-30 09:30:31.667000000,Add Order,1580394631667000000,A,307478,B,500.0,25.15,251500.0,XIU,39.0,,,,,,,,,,,,,,
2020-01-30 09:30:32.807000000,Add Order,1580394632807000000,A,313400,S,500.0,25.35,253500.0,XIU,39.0,,,,,,,,,,,,,,
2020-01-30 09:30:32.844000000,Add Order,1580394632844000000,A,313766,B,600.0,25.14,251400.0,XIU,39.0,,,,,,,,,,,,,,
2020-01-30 09:30:36.606000000,Add Order,1580394636606000000,A,338300,S,600.0,25.36,253600.0,XIU,39.0,,,,,,,,,,,,,,
2020-01-30 09:30:36.610000000,Add Order,1580394636610000000,A,338340,B,600.0,25.15,251500.0,XIU,39.0,,,,,,,,,,,,,,
2020-01-30 09:30:37.925000000,Add Order,1580394637925000000,A,346893,B,700.0,25.16,251600.0,XIU,39.0,,,,,,,,,,,,,,
2020-01-30 09:30:40.033000000,Add Order,1580394640033000000,A,364406,B,700.0,25.15,251500.0,XIU,39.0,,,,,,,,,,,,,,
2020-01-30 09:30:40.042000000,Add Order,1580394640042000000,A,364570,S,500.0,25.35,253500.0,XIU,39.0,,,,,,,,,,,,,,
2020-01-30 09:30:40.549000000,Add Order,1580394640549000000,A,368798,S,500.0,25.36,253600.0,XIU,39.0,,,,,,,,,,,,,,
2020-01-30 09:30:41.644000000,Add Order,1580394641644000000,A,378108,S,500.0,25.35,253500.0,XIU,39.0,,,,,,,,,,,,,,
2020-01-30 09:30:42.325000000,Add Order,1580394642325000000,A,382804,B,700.0,25.14,251400.0,XIU,39.0,,,,,,,,,,,,,,
2020-01-30 09:30:42.331000000,Add Order,1580394642331000000,A,383179,S,500.0,25.36,253600.0,XIU,39.0,,,,,,,,,,,,,,
2020-01-30 09:30:42.580000000,Add Order,1580394642580000000,A,385956,B,1500.0,25.18,251800.0,XIU,39.0,,,,,,,,,,,,,,
2020-01-30 09:30:42.580000000,Add Order,1580394642580000000,A,385957,S,1200.0,25.21,252100.0,XIU,39.0,,,,,,,,,,,,,,
2020-01-30 09:30:42.580000000,Add Order,1580394642580000000,A,385958,S,1800.0,25.22,252200.0,XIU,39.0,,,,,,,,,,,,,,
2020-01-30 09:30:42.608000000,Add Order,1580394642608000000,A,386116,B,1700.0,25.17,251700.0,XIU,39.0,,,,,,,,,,,,,,
2020-01-30 09:30:42.608000000,Add Order,1580394642608000000,A,386117,B,1400.0,25.16,251600.0,XIU,39.0,,,,,,,,,,,,,,
2020-01-30 09:30:42.608000000,Add Order,1580394642608000000,A,386118,S,1200.0,25.23,252300.0,XIU,39.0,,,,,,,,,,,,,,
2020-01-30 09:30:42.608000000,Add Order,1580394642608000000,A,386119,S,1200.0,25.24,252400.0,XIU,39.0,,,,,,,,,,,,,,
2020-01-30 09:30:42.683000000,Add Order,1580394642683000000,A,386944,B,1900.0,25.15,251500.0,XIU,39.0,,,,,,,,,,,,,,
2020-01-30 09:30:42.683000000,Add Order,1580394642683000000,A,386945,B,1200.0,25.14,251400.0,XIU,39.0,,,,,,,,,,,,,,
2020-01-30 09:30:42.683000000,Add Order,1580394642683000000,A,386946,S,1600.0,25.25,252500.0,XIU,39.0,,,,,,,,,,,,,,
2020-01-30 09:30:42.975000000,Add Order,1580394642975000000,A,388741,B,700.0,25.15,251500.0,XIU,39.0,,,,,,,,,,,,,,
2020-01-30 09:30:44.003000000,Add Order,1580394644003000000,A,395132,B,1700.0,25.19,251900.0,XIU,39.0,,,,,,,,,,,,,,
2020-01-30 09:30:44.050000000,Add Order,1580394644050000000,A,395726,B,700.0,25.14,251400.0,XIU,39.0,,,,,,,,,,,,,,
2020-01-30 09:30:45.633000000,Add Order,1580394645633000000,A,406518,S,500.0,25.35,253500.0,XIU,39.0,,,,,,,,,,,,,,
2020-01-30 09:30:46.136000000,Add Order,1580394646136000000,A,410106,S,500.0,25.36,253600.0,XIU,39.0,,,,,,,,,,,,,,
2020-01-30 09:30:46.280000000,Add Order,1580394646280000000,A,410827,B,1500.0,25.19,251900.0,XIU,39.0,,,,,,,,,,,,,,
2020-01-30 09:30:46.814000000,Add Order,1580394646814000000,A,414360,B,500.0,25.15,251500.0,XIU,39.0,,,,,,,,,,,,,,
2020-01-30 09:30:47.411000000,Add Order,1580394647411000000,A,417762,B,700.0,25.14,251400.0,XIU,39.0,,,,,,,,,,,,,,
2020-01-30 09:30:47.779000000,Add Order,1580394647779000000,A,419949,S,1500.0,25.26,252600.0,XIU,39.0,,,,,,,,,,,,,,
2020-01-30 09:30:48.114000000,Add Order,1580394648114000000,A,421417,B,700.0,25.15,251500.0,XIU,39.0,,,,,,,,,,,,,,
2020-01-30 09:30:49.522000000,Add Order,1580394649522000000,A,428360,S,500.0,25.37,253700.0,XIU,39.0,,,,,,,,,,,,,,
2020-01-30 09:30:49.676000000,Add Order,1580394649676000000,A,429721,S,1600.0,25.21,252100.0,XIU,39.0,,,,,,,,,,,,,,
2020-01-30 09:30:50.301000000,Add Order,1580394650301000000,A,432610,S,500.0,25.36,253600.0,XIU,39.0,,,,,,,,,,,,,,
2020-01-30 09:30:50.595000000,Add Order,1580394650595000000,A,435752,B,500.0,25.14,251400.0,XIU,39.0,,,,,,,,,,,,,,
2020-01-30 09:30:50.623000000,Add Order,1580394650623000000,A,436083,S,3200.0,25.21,252100.0,XIU,39.0,,,,,,,,,,,,,,
2020-01-30 09:30:50.623000000,Add Order,1580394650623000000,A,436090,S,3200.0,25.2,252000.0,XIU,39.0,,,,,,,,,,,,,,
2020-01-30 09:30:50.623000000,Add Order,1580394650623000000,A,436083,S,3200.0,25.21,252100.0,XIU,39.0,,,,,,,,,,,,,,
2020-01-30 09:30:51.910000000,Add Order,1580394651910000000,A,445654,S,500.0,25.35,253500.0,XIU,39.0,,,,,,,,,,,,,,
2020-01-30 09:30:52.804000000,Add Order,1580394652804000000,A,453621,S,600.0,25.36,253600.0,XIU,39.0,,,,,,,,,,,,,,
2020-01-30 09:30:53.399000000,Add Order,1580394653399000000,A,457545,B,600.0,25.15,251500.0,XIU,39.0,,,,,,,,,,,,,,
2020-01-30 09:30:54.421000000,Add Order,1580394654421000000,A,462128,B,1300.0,25.19,251900.0,XIU,39.0,,,,,,,,,,,,,,
2020-01-30 09:30:55.663000000,Add Order,1580394655663000000,A,470191,S,600.0,25.37,253700.0,XIU,39.0,,,,,,,,,,,,,,
2020-01-30 09:30:56.763000000,Add Order,1580394656763000000,A,476263,B,500.0,25.16,251600.0,XIU,39.0,,,,,,,,,,,,,,
2020-01-30 09:30:58.364000000,Add Order,1580394658364000000,A,488631,B,1400.0,25.2,252000.0,XIU,39.0,,,,,,,,,,,,,,
2020-01-30 09:30:58.790000000,Add Order,1580394658790000000,A,491369,B,1300.0,25.2,252000.0,XIU,39.0,,,,,,,,,,,,,,
2020-01-30 09:30:59.446000000,Add Order,1580394659446000000,A,497554,B,600.0,25.17,251700.0,XIU,39.0,,,,,,,,,,,,,,
2020-01-30 09:30:59.446000000,Add Order,1580394659446000000,A,497555,S,500.0,25.38,253800.0,XIU,39.0,,,,,,,,,,,,,,
2020-01-30 09:30:59.951000000,Add Order,1580394659951000000,A,500973,S,700.0,25.37,253700.0,XIU,39.0,,,,,,,,,,,,,,
2020-01-30 09:31:00.508000000,Add Order,1580394660508000000,A,504672,S,500.0,25.38,253800.0,XIU,39.0,,,,,,,,,,,,,,
2020-01-30 09:31:00.610000000,Add Order,1580394660610000000,A,505692,B,500.0,25.16,251600.0,XIU,39.0,,,,,,,,,,,,,,
2020-01-30 09:31:01.188000000,Add Order,1580394661188000000,A,512474,S,1500.0,25.27,252700.0,XIU,39.0,,,,,,,,,,,,,,
2020-01-30 09:31:02.153000000,Add Order,1580394662153000000,A,523171,B,700.0,25.17,251700.0,XIU,39.0,,,,,,,,,,,,,,
2020-01-30 09:31:02.659000000,Add Order,1580394662659000000,A,526978,B,500.0,25.16,251600.0,XIU,39.0,,,,,,,,,,,,,,
2020-01-30 09:31:03.181000000,Add Order,1580394663181000000,A,532387,B,600.0,25.17,251700.0,XIU,39.0,,,,,,,,,,,,,,
2020-01-30 09:31:03.485000000,Add Order,1580394663485000000,A,535095,B,1700.0,25.21,252100.0,XIU,39.0,,,,,,,,,,,,,,
2020-01-30 09:31:04.179000000,Add Order,1580394664179000000,A,541330,B,500.0,25.16,251600.0,XIU,39.0,,,,,,,,,,,,,,
2020-01-30 09:31:04.771000000,Add Order,1580394664771000000,A,546044,B,500.0,25.17,251700.0,XIU,39.0,,,,,,,,,,,,,,
2020-01-30 09:31:06.134000000,Add Order,1580394666134000000,A,556792,B,600.0,25.16,251600.0,XIU,39.0,,,,,,,,,,,,,,
2020-01-30 09:31:07.121000000,Add Order,1580394667121000000,A,566220,B,600.0,25.17,251700.0,XIU,39.0,,,,,,,,,,,,,,
2020-01-30 09:31:08.426000000,Add Order,1580394668426000000,A,575527,B,700.0,25.18,251800.0,XIU,39.0,,,,,,,,,,,,,,
2020-01-30 09:31:08.936000000,Add Order,1580394668936000000,A,578387,B,600.0,25.17,251700.0,XIU,39.0,,,,,,,,,,,,,,
2020-01-30 09:31:13.093000000,Add Order,1580394673093000000,A,604418,S,1500.0,25.23,252300.0,XIU,39.0,,,,,,,,,,,,,,
2020-01-30 09:31:13.695000000,Add Order,1580394673695000000,A,607575,S,1600.0,25.28,252800.0,XIU,39.0,,,,,,,,,,,,,,
2020-01-30 09:31:14.375000000,Add Order,1580394674375000000,A,612359,S,1200.0,25.23,252300.0,XIU,39.0,,,,,,,,,,,,,,
2020-01-30 09:31:14.672000000,Add Order,1580394674672000000,A,614201,B,600.0,25.18,251800.0,XIU,39.0,,,,,,,,,,,,,,
2020-01-30 09:31:14.798000000,Add Order,1580394674798000000,A,615185,S,600.0,25.39,253900.0,XIU,39.0,,,,,,,,,,,,,,
2020-01-30 09:31:15.170000000,Add Order,1580394675170000000,A,617512,B,500.0,25.17,251700.0,XIU,39.0,,,,,,,,,,,,,,
2020-01-30 09:31:15.339000000,Add Order,1580394675339000000,A,618578,B,1200.0,25.22,252200.0,XIU,39.0,,,,,,,,,,,,,,
2020-01-30 09:31:15.412000000,Add Order,1580394675412000000,A,619082,B,1700.0,25.22,252200.0,XIU,39.0,,,,,,,,,,,,,,
2020-01-30 09:31:16.205000000,Add Order,1580394676205000000,A,623667,B,700.0,25.18,251800.0,XIU,39.0,,,,,,,,,,,,,,
2020-01-30 09:31:16.565000000,Add Order,1580394676565000000,A,626080,S,1800.0,25.23,252300.0,XIU,39.0,,,,,,,,,,,,,,
2020-01-30 09:31:16.713000000,Add Order,1580394676713000000,A,627059,S,700.0,25.38,253800.0,XIU,39.0,,,,,,,,,,,,,,
2020-01-30 09:31:17.544000000,Add Order,1580394677544000000,A,632842,B,600.0,25.17,251700.0,XIU,39.0,,,,,,,,,,,,,,
2020-01-30 09:31:20.427000000,Add Order,1580394680427000000,A,650787,S,1300.0,25.22,252200.0,XIU,39.0,,,,,,,,,,,,,,
2020-01-30 09:31:21.791000000,Add Order,1580394681791000000,A,659564,B,600.0,25.16,251600.0,XIU,39.0,,,,,,,,,,,,,,
2020-01-30 09:31:22.018000000,Add Order,1580394682018000000,A,660952,S,1600.0,25.22,252200.0,XIU,39.0,,,,,,,,,,,,,,
2020-01-30 09:31:22.181000000,Add Order,1580394682181000000,A,662198,S,600.0,25.37,253700.0,XIU,39.0,,,,,,,,,,,,,,
2020-01-30 09:31:22.973000000,Add Order,1580394682973000000,A,665952,S,3300.0,25.21,252100.0,XIU,39.0,,,,,,,,,,,,,,
2020-01-30 09:31:23.665000000,Add Order,1580394683665000000,A,671309,B,1700.0,25.15,251500.0,XIU,39.0,,,,,,,,,,,,,,
2020-01-30 09:31:23.679000000,Add Order,1580394683679000000,A,671460,S,1700.0,25.21,252100.0,XIU,39.0,,,,,,,,,,,,,,
2020-01-30 09:31:24.274000000,Add Order,1580394684274000000,A,675063,S,600.0,25.25,252500.0,XIU,39.0,,,,,,,,,,,,,,
2020-01-30 09:31:25.323000000,Add Order,1580394685323000000,A,680739,B,600.0,25.18,251800.0,XIU,39.0,,,,,,,,,,,,,,
2020-01-30 09:31:25.323000000,Add Order,1580394685323000000,A,680740,S,700.0,25.24,252400.0,XIU,39.0,,,,,,,,,,,,,,
2020-01-30 09:31:25.876000000,Add Order,1580394685876000000,A,684368,S,1900.0,25.21,252100.0,XIU,39.0,,,,,,,,,,,,,,
2020-01-30 09:31:26.066000000,Add Order,1580394686066000000,A,685579,S,1800.0,25.21,252100.0,XIU,39.0,,,,,,,,,,,,,,
2020-01-30 09:31:26.182000000,Add Order,1580394686182000000,A,686888,B,700.0,25.17,251700.0,XIU,39.0,,,,,,,,,,,,,,
2020-01-30 09:31:26.340000000,Add Order,1580394686340000000,A,688410,S,600.0,25.23,252300.0,XIU,39.0,,,,,,,,,,,,,,
2020-01-30 09:31:29.136000000,Add Order,1580394689136000000,A,706155,B,1400.0,25.14,251400.0,XIU,39.0,,,,,,,,,,,,,,
2020-01-30 09:31:30.724000000,Add Order,1580394690724000000,A,714691,B,700.0,25.16,251600.0,XIU,39.0,,,,,,,,,,,,,,
2020-01-30 09:31:30.738000000,Add Order,1580394690738000000,A,715002,S,700.0,25.22,252200.0,XIU,39.0,,,,,,,,,,,,,,
2020-01-30 09:31:31.004000000,Add Order,1580394691004000000,A,717449,S,1600.0,25.2,252000.0,XIU,39.0,,,,,,,,,,,,,,
2020-01-30 09:31:31.274000000,Add Order,1580394691274000000,A,719541,S,1900.0,25.2,252000.0,XIU,39.0,,,,,,,,,,,,,,
2020-01-30 09:31:32.146000000,Add Order,1580394692146000000,A,724573,B,500.0,25.17,251700.0,XIU,39.0,,,,,,,,,,,,,,
2020-01-30 09:31:32.146000000,Add Order,1580394692146000000,A,724575,S,700.0,25.23,252300.0,XIU,39.0,,,,,,,,,,,,,,
2020-01-30 09:31:33.502000000,Add Order,1580394693502000000,A,732777,B,1800.0,25.19,251900.0,XIU,39.0,,,,,,,,,,,,,,
2020-01-30 09:31:34.365000000,Add Order,1580394694365000000,A,738130,B,1200.0,25.19,251900.0,XIU,39.0,,,,,,,,,,,,,,
2020-01-30 09:31:34.986000000,Add Order,1580394694986000000,A,741922,B,500.0,25.18,251800.0,XIU,39.0,,,,,,,,,,,,,,
2020-01-30 09:31:34.986000000,Add Order,1580394694986000000,A,741923,S,500.0,25.24,252400.0,XIU,39.0,,,,,,,,,,,,,,
2020-01-30 09:31:35.631000000,Add Order,1580394695631000000,A,747411,B,700.0,25.16,251600.0,XIU,39.0,,,,,,,,,,,,,,
2020-01-30 09:31:35.631000000,Add Order,1580394695631000000,A,747412,S,500.0,25.22,252200.0,XIU,39.0,,,,,,,,,,,,,,
2020-01-30 09:31:37.032000000,Add Order,1580394697032000000,A,754844,S,500.0,25.23,252300.0,XIU,39.0,,,,,,,,,,,,,,
2020-01-30 09:31:37.631000000,Add Order,1580394697631000000,A,758811,S,600.0,25.22,252200.0,XIU,39.0,,,,,,,,,,,,,,
2020-01-30 09:31:42.204000000,Add Order,1580394702204000000,A,782416,S,1500.0,25.21,252100.0,XIU,39.0,,,,,,,,,,,,,,
2020-01-30 09:31:46.009000000,Add Order,1580394706009000000,A,801409,B,600.0,25.18,251800.0,XIU,39.0,,,,,,,,,,,,,,
2020-01-30 09:31:46.009000000,Add Order,1580394706009000000,A,801410,S,500.0,25.24,252400.0,XIU,39.0,,,,,,,,,,,,,,
2020-01-30 09:31:47.699000000,Add Order,1580394707699000000,A,809477,B,1600.0,25.2,252000.0,XIU,39.0,,,,,,,,,,,,,,
2020-01-30 09:31:48.252000000,Add Order,1580394708252000000,A,812500,S,1300.0,25.21,252100.0,XIU,39.0,,,,,,,,,,,,,,
2020-01-30 09:31:48.255000000,Add Order,1580394708255000000,A,812535,B,500.0,25.17,251700.0,XIU,39.0,,,,,,,,,,,,,,
2020-01-30 09:31:48.776000000,Add Order,1580394708776000000,A,815152,B,700.0,25.18,251800.0,XIU,39.0,,,,,,,,,,,,,,
2020-01-30 09:31:49.553000000,Add Order,1580394709553000000,A,818479,B,700.0,25.17,251700.0,XIU,39.0,,,,,,,,,,,,,,
2020-01-30 09:31:49.553000000,Add Order,1580394709553000000,A,818481,S,500.0,25.23,252300.0,XIU,39.0,,,,,,,,,,,,,,
2020-01-30 09:31:50.707000000,Add Order,1580394710707000000,A,823568,B,600.0,25.16,251600.0,XIU,39.0,,,,,,,,,,,,,,
2020-01-30 09:31:50.707000000,Add Order,1580394710707000000,A,823569,S,500.0,25.22,252200.0,XIU,39.0,,,,,,,,,,,,,,
2020-01-30 09:31:53.188000000,Add Order,1580394713188000000,A,834149,B,600.0,25.17,251700.0,XIU,39.0,,,,,,,,,,,,,,
2020-01-30 09:31:53.188000000,Add Order,1580394713188000000,A,834153,S,700.0,25.23,252300.0,XIU,39.0,,,,,,,,,,,,,,
2020-01-30 09:31:55.752000000,Add Order,1580394715752000000,A,849280,B,600.0,25.17,251700.0,XIU,39.0,,,,,,,,,,,,,,
2020-01-30 09:31:55.752000000,Add Order,1580394715752000000,A,849281,S,600.0,25.23,252300.0,XIU,39.0,,,,,,,,,,,,,,
2020-01-30 09:31:56.973000000,Add Order,1580394716973000000,A,858081,B,1600.0,25.2,252000.0,XIU,39.0,,,,,,,,,,,,,,
2020-01-30 09:31:57.647000000,Add Order,1580394717647000000,A,862311,B,600.0,25.18,251800.0,XIU,39.0,,,,,,,,,,,,,,
2020-01-30 09:31:57.647000000,Add Order,1580394717647000000,A,862312,S,600.0,25.24,252400.0,XIU,39.0,,,,,,,,,,,,,,
2020-01-30 09:31:59.341000000,Add Order,1580394719341000000,A,870820,B,700.0,25.17,251700.0,XIU,39.0,,,,,,,,,,,,,,
2020-01-30 09:31:59.351000000,Add Order,1580394719351000000,A,870919,S,500.0,25.23,252300.0,XIU,39.0,,,,,,,,,,,,,,
2020-01-30 09:32:01.178000000,Add Order,1580394721178000000,A,887149,S,3200.0,25.22,252200.0,XIU,39.0,,,,,,,,,,,,,,
2020-01-30 09:32:01.178000000,Add Order,1580394721178000000,A,887152,S,3200.0,25.21,252100.0,XIU,39.0,,,,,,,,,,,,,,
2020-01-30 09:32:01.178000000,Add Order,1580394721178000000,A,887149,S,3200.0,25.22,252200.0,XIU,39.0,,,,,,,,,,,,,,
2020-01-30 09:32:01.178000000,Add Order,1580394721178000000,A,887149,S,3200.0,25.21,252100.0,XIU,39.0,,,,,,,,,,,,,,
2020-01-30 09:32:01.671000000,Add Order,1580394721671000000,A,890420,B,600.0,25.18,251800.0,XIU,39.0,,,,,,,,,,,,,,
2020-01-30 09:32:01.671000000,Add Order,1580394721671000000,A,890422,S,500.0,25.24,252400.0,XIU,39.0,,,,,,,,,,,,,,
2020-01-30 09:32:05.693000000,Add Order,1580394725693000000,A,915841,S,3300.0,25.22,252200.0,XIU,39.0,,,,,,,,,,,,,,
2020-01-30 09:32:06.041000000,Add Order,1580394726041000000,A,917456,S,3300.0,25.21,252100.0,XIU,39.0,,,,,,,,,,,,,,
2020-01-30 09:32:06.041000000,Add Order,1580394726041000000,A,915841,S,1800.0,25.22,252200.0,XIU,39.0,,,,,,,,,,,,,,
2020-01-30 09:32:06.041000000,Add Order,1580394726041000000,A,915841,S,1800.0,25.21,252100.0,XIU,39.0,,,,,,,,,,,,,,
2020-01-30 09:32:06.127000000,Add Order,1580394726127000000,A,918046,B,700.0,25.17,251700.0,XIU,39.0,,,,,,,,,,,,,,
2020-01-30 09:32:06.127000000,Add Order,1580394726127000000,A,918047,S,600.0,25.23,252300.0,XIU,39.0,,,,,,,,,,,,,,
2020-01-30 09:32:07.041000000,Add Order,1580394727041000000,A,923882,S,10400.0,25.22,252200.0,XIU,39.0,,,,,,,,,,,,,,
2020-01-30 09:32:09.312000000,Add Order,1580394729312000000,A,938729,S,2700.0,25.22,252200.0,XIU,39.0,,,,,,,,,,,,,,
2020-01-30 09:32:09.544000000,Add Order,1580394729544000000,A,939808,S,11500.0,25.22,252200.0,XIU,39.0,,,,,,,,,,,,,,
2020-01-30 09:32:13.055000000,Add Order,1580394733055000000,A,959755,S,1500.0,25.21,252100.0,XIU,39.0,,,,,,,,,,,,,,
2020-01-30 09:32:14.529000000,Add Order,1580394734529000000,A,967377,B,1300.0,25.2,252000.0,XIU,39.0,,,,,,,,,,,,,,
2020-01-30 09:32:16.404000000,Add Order,1580394736404000000,A,978363,S,2800.0,25.22,252200.0,XIU,39.0,,,,,,,,,,,,,,
2020-01-30 09:32:17.637000000,Add Order,1580394737637000000,A,984384,S,2700.0,25.22,252200.0,XIU,39.0,,,,,,,,,,,,,,
2020-01-30 09:32:18.747000000,Add Order,1580394738747000000,A,989061,S,2900.0,25.22,252200.0,XIU,39.0,,,,,,,,,,,,,,
2020-01-30 09:32:18.748000000,Add Order,1580394738748000000,A,989078,S,2900.0,25.21,252100.0,XIU,39.0,,,,,,,,,,,,,,
2020-01-30 09:32:18.748000000,Add Order,1580394738748000000,A,989061,S,2900.0,25.21,252100.0,XIU,39.0,,,,,,,,,,,,,,
2020-01-30 09:32:24.449000000,Add Order,1580394744449000000,A,1019016,B,700.0,25.18,251800.0,XIU,39.0,,,,,,,,,,,,,,
2020-01-30 09:32:24.450000000,Add Order,1580394744450000000,A,1019017,S,500.0,25.24,252400.0,XIU,39.0,,,,,,,,,,,,,,
2020-01-30 09:32:26.812000000,Add Order,1580394746812000000,A,1029114,S,2900.0,25.21,252100.0,XIU,39.0,,,,,,,,,,,,,,
2020-01-30 09:32:26.860000000,Add Order,1580394746860000000,A,1029368,B,700.0,25.17,251700.0,XIU,39.0,,,,,,,,,,,,,,
2020-01-30 09:32:27.409000000,Add Order,1580394747409000000,A,1032676,B,700.0,25.18,251800.0,XIU,39.0,,,,,,,,,,,,,,
2020-01-30 09:32:29.210000000,Add Order,1580394749210000000,A,1040835,B,500.0,25.17,251700.0,XIU,39.0,,,,,,,,,,,,,,
2020-01-30 09:32:29.961000000,Add Order,1580394749961000000,A,1044497,B,700.0,25.18,251800.0,XIU,39.0,,,,,,,,,,,,,,
2020-01-30 09:32:30.546000000,Add Order,1580394750546000000,A,1047344,B,600.0,25.17,251700.0,XIU,39.0,,,,,,,,,,,,,,
2020-01-30 09:32:30.546000000,Add Order,1580394750546000000,A,1047345,S,500.0,25.23,252300.0,XIU,39.0,,,,,,,,,,,,,,
2020-01-30 09:32:31.360000000,Add Order,1580394751360000000,A,1051916,S,1500.0,25.21,252100.0,XIU,39.0,,,,,,,,,,,,,,
2020-01-30 09:32:32.383000000,Add Order,1580394752383000000,A,1057312,B,500.0,25.16,251600.0,XIU,39.0,,,,,,,,,,,,,,
2020-01-30 09:32:32.899000000,Add Order,1580394752899000000,A,1060614,B,700.0,25.17,251700.0,XIU,39.0,,,,,,,,,,,,,,
2020-01-30 09:32:33.046000000,Add Order,1580394753046000000,A,1061322,B,1200.0,25.2,252000.0,XIU,39.0,,,,,,,,,,,,,,
2020-01-30 09:32:33.643000000,Add Order,1580394753643000000,A,1063776,B,700.0,25.16,251600.0,XIU,39.0,,,,,,,,,,,,,,
2020-01-30 09:32:34.404000000,Add Order,1580394754404000000,A,1067607,B,500.0,25.17,251700.0,XIU,39.0,,,,,,,,,,,,,,
2020-01-30 09:32:35.189000000,Add Order,1580394755189000000,A,1071226,B,1800.0,25.2,252000.0,XIU,39.0,,,,,,,,,,,,,,
2020-01-30 09:32:36.900000000,Add Order,1580394756900000000,A,1080092,S,600.0,25.24,252400.0,XIU,39.0,,,,,,,,,,,,,,
2020-01-30 09:32:38.061000000,Add Order,1580394758061000000,A,1086714,S,500.0,25.23,252300.0,XIU,39.0,,,,,,,,,,,,,,
2020-01-30 09:32:38.743000000,Add Order,1580394758743000000,A,1089958,S,600.0,25.23,252300.0,XIU,39.0,,,,,,,,,,,,,,
2020-01-30 09:32:39.172000000,Add Order,1580394759172000000,A,1091509,S,2600.0,25.22,252200.0,XIU,39.0,,,,,,,,,,,,,,
2020-01-30 09:32:39.316000000,Add Order,1580394759316000000,A,1091509,S,1500.0,25.22,252200.0,XIU,39.0,,,,,,,,,,,,,,
2020-01-30 09:32:40.842000000,Add Order,1580394760842000000,A,1100179,S,600.0,25.24,252400.0,XIU,39.0,,,,,,,,,,,,,,
2020-01-30 09:32:42.050000000,Add Order,1580394762050000000,A,1105757,S,600.0,25.23,252300.0,XIU,39.0,,,,,,,,,,,,,,
2020-01-30 09:32:42.598000000,Add Order,1580394762598000000,A,1108743,S,600.0,25.24,252400.0,XIU,39.0,,,,,,,,,,,,,,
2020-01-30 09:32:43.271000000,Add Order,1580394763271000000,A,1111462,B,700.0,25.18,251800.0,XIU,39.0,,,,,,,,,,,,,,
2020-01-30 09:32:43.723000000,Add Order,1580394763723000000,A,1114221,S,600.0,25.25,252500.0,XIU,39.0,,,,,,,,,,,,,,
2020-01-30 09:32:43.787000000,Add Order,1580394763787000000,A,1115072,B,700.0,25.19,251900.0,XIU,39.0,,,,,,,,,,,,,,
2020-01-30 09:32:44.282000000,Add Order,1580394764282000000,A,1117362,B,700.0,25.18,251800.0,XIU,39.0,,,,,,,,,,,,,,
2020-01-30 09:32:46.738000000,Add Order,1580394766738000000,A,1127861,S,3300.0,25.22,252200.0,XIU,39.0,,,,,,,,,,,,,,
2020-01-30 09:32:46.787000000,Add Order,1580394766787000000,A,1127861,S,3300.0,25.21,252100.0,XIU,39.0,,,,,,,,,,,,,,
2020-01-30 09:32:46.825000000,Add Order,1580394766825000000,A,1127861,S,1800.0,25.21,252100.0,XIU,39.0,,,,,,,,,,,,,,
2020-01-30 09:32:48.512000000,Add Order,1580394768512000000,A,1136057,S,600.0,25.24,252400.0,XIU,39.0,,,,,,,,,,,,,,
2020-01-30 09:32:48.767000000,Add Order,1580394768767000000,A,1137618,S,3200.0,25.22,252200.0,XIU,39.0,,,,,,,,,,,,,,
2020-01-30 09:32:48.849000000,Add Order,1580394768849000000,A,1137618,S,1800.0,25.22,252200.0,XIU,39.0,,,,,,,,,,,,,,
2020-01-30 09:32:50.871000000,Add Order,1580394770871000000,A,1148224,S,1200.0,25.21,252100.0,XIU,39.0,,,,,,,,,,,,,,
2020-01-30 09:32:52.558000000,Add Order,1580394772558000000,A,1158307,S,1600.0,25.21,252100.0,XIU,39.0,,,,,,,,,,,,,,
2020-01-30 09:32:53.245000000,Add Order,1580394773245000000,A,1161107,B,700.0,25.17,251700.0,XIU,39.0,,,,,,,,,,,,,,
2020-01-30 09:32:53.578000000,Add Order,1580394773578000000,A,1162729,S,3100.0,25.21,252100.0,XIU,39.0,,,,,,,,,,,,,,
2020-01-30 09:32:54.967000000,Add Order,1580394774967000000,A,1168461,S,600.0,25.23,252300.0,XIU,39.0,,,,,,,,,,,,,,
2020-01-30 09:32:56.060000000,Add Order,1580394776060000000,A,1172929,S,2600.0,25.21,252100.0,XIU,39.0,,,,,,,,,,,,,,
2020-01-30 09:32:56.061000000,Add Order,1580394776061000000,A,1172929,S,2600.0,25.2,252000.0,XIU,39.0,,,,,,,,,,,,,,
2020-01-30 09:32:57.145000000,Add Order,1580394777145000000,A,1178535,B,1800.0,25.14,251400.0,XIU,39.0,,,,,,,,,,,,,,
2020-01-30 09:32:58.999000000,Add Order,1580394778999000000,A,1186531,S,1100.0,25.2,252000.0,XIU,39.0,,,,,,,,,,,,,,
2020-01-30 09:33:00.564000000,Add Order,1580394780564000000,A,1195912,S,3000.0,25.2,252000.0,XIU,39.0,,,,,,,,,,,,,,
2020-01-30 09:33:00.896000000,Add Order,1580394780896000000,A,1198150,B,500.0,25.16,251600.0,XIU,39.0,,,,,,,,,,,,,,
2020-01-30 09:33:01.009000000,Add Order,1580394781009000000,A,1199332,S,3100.0,25.2,252000.0,XIU,39.0,,,,,,,,,,,,,,
2020-01-30 09:33:01.011000000,Add Order,1580394781011000000,A,1199422,S,3000.0,25.2,252000.0,XIU,39.0,,,,,,,,,,,,,,
2020-01-30 09:33:01.012000000,Add Order,1580394781012000000,A,1199422,S,3000.0,25.19,251900.0,XIU,39.0,,,,,,,,,,,,,,
2020-01-30 09:33:01.029000000,Add Order,1580394781029000000,A,1199876,S,600.0,25.22,252200.0,XIU,39.0,,,,,,,,,,,,,,
2020-01-30 09:33:02.587000000,Add Order,1580394782587000000,A,1211876,B,600.0,25.15,251500.0,XIU,39.0,,,,,,,,,,,,,,
2020-01-30 09:33:03.093000000,Add Order,1580394783093000000,A,1215586,B,700.0,25.14,251400.0,XIU,39.0,,,,,,,,,,,,,,
2020-01-30 09:33:03.637000000,Add Order,1580394783637000000,A,1218585,B,500.0,25.15,251500.0,XIU,39.0,,,,,,,,,,,,,,
2020-01-30 09:33:06.027000000,Add Order,1580394786027000000,A,1231534,S,500.0,25.21,252100.0,XIU,39.0,,,,,,,,,,,,,,
2020-01-30 09:33:07.011000000,Add Order,1580394787011000000,A,1237546,B,600.0,25.14,251400.0,XIU,39.0,,,,,,,,,,,,,,
2020-01-30 09:33:07.718000000,Add Order,1580394787718000000,A,1240728,B,1600.0,25.13,251300.0,XIU,39.0,,,,,,,,,,,,,,
2020-01-30 09:33:08.082000000,Add Order,1580394788082000000,A,1241962,B,700.0,25.15,251500.0,XIU,39.0,,,,,,,,,,,,,,
2020-01-30 09:33:09.650000000,Add Order,1580394789650000000,A,1249887,S,1500.0,25.19,251900.0,XIU,39.0,,,,,,,,,,,,,,
2020-01-30 09:33:11.772000000,Add Order,1580394791772000000,A,1259656,S,1400.0,25.19,251900.0,XIU,39.0,,,,,,,,,,,,,,
2020-01-30 09:33:13.615000000,Add Order,1580394793615000000,A,1269066,B,600.0,25.14,251400.0,XIU,39.0,,,,,,,,,,,,,,
2020-01-30 09:33:14.423000000,Add Order,1580394794423000000,A,1272975,S,600.0,25.2,252000.0,XIU,39.0,,,,,,,,,,,,,,
2020-01-30 09:33:16.204000000,Add Order,1580394796204000000,A,1285256,B,700.0,25.15,251500.0,XIU,39.0,,,,,,,,,,,,,,
2020-01-30 09:33:16.204000000,Add Order,1580394796204000000,A,1285257,S,700.0,25.21,252100.0,XIU,39.0,,,,,,,,,,,,,,
2020-01-30 09:33:16.967000000,Add Order,1580394796967000000,A,1288350,B,1700.0,25.12,251200.0,XIU,39.0,,,,,,,,,,,,,,
2020-01-30 09:33:18.422000000,Add Order,1580394798422000000,A,1295885,B,1700.0,25.17,251700.0,XIU,39.0,,,,,,,,,,,,,,
2020-01-30 09:33:19.041000000,Add Order,1580394799041000000,A,1299217,B,600.0,25.14,251400.0,XIU,39.0,,,,,,,,,,,,,,
2020-01-30 09:33:19.041000000,Add Order,1580394799041000000,A,1299218,S,700.0,25.2,252000.0,XIU,39.0,,,,,,,,,,,,,,
2020-01-30 09:33:20.310000000,Add Order,1580394800310000000,A,1305297,B,1800.0,25.17,251700.0,XIU,39.0,,,,,,,,,,,,,,
2020-01-30 09:33:24.028000000,Add Order,1580394804028000000,A,1328733,S,700.0,25.21,252100.0,XIU,39.0,,,,,,,,,,,,,,
2020-01-30 09:33:24.634000000,Add Order,1580394804634000000,A,1332874,S,500.0,25.2,252000.0,XIU,39.0,,,,,,,,,,,,,,
2020-01-30 09:33:25.187000000,Add Order,1580394805187000000,A,1335518,S,500.0,25.21,252100.0,XIU,39.0,,,,,,,,,,,,,,
2020-01-30 09:33:25.393000000,Add Order,1580394805393000000,A,1336366,B,1300.0,25.18,251800.0,XIU,39.0,,,,,,,,,,,,,,
2020-01-30 09:33:26.055000000,Add Order,1580394806055000000,A,1339201,B,1400.0,25.18,251800.0,XIU,39.0,,,,,,,,,,,,,,
2020-01-30 09:33:26.679000000,Add Order,1580394806679000000,A,1342093,B,700.0,25.15,251500.0,XIU,39.0,,,,,,,,,,,,,,
2020-01-30 09:33:31.005000000,Add Order,1580394811005000000,A,1367495,S,500.0,25.22,252200.0,XIU,39.0,,,,,,,,,,,,,,
2020-01-30 09:33:31.855000000,Add Order,1580394811855000000,A,1371699,S,700.0,25.21,252100.0,XIU,39.0,,,,,,,,,,,,,,
2020-01-30 09:33:33.147000000,Add Order,1580394813147000000,A,1377915,S,700.0,25.22,252200.0,XIU,39.0,,,,,,,,,,,,,,
2020-01-30 09:33:37.380000000,Add Order,1580394817380000000,A,1399296,S,500.0,25.23,252300.0,XIU,39.0,,,,,,,,,,,,,,
2020-01-30 09:33:37.740000000,Add Order,1580394817740000000,A,1401599,B,1400.0,25.19,251900.0,XIU,39.0,,,,,,,,,,,,,,
2020-01-30 09:33:37.765000000,Add Order,1580394817765000000,A,1402177,B,500.0,25.16,251600.0,XIU,39.0,,,,,,,,,,,,,,
2020-01-30 09:33:38.992000000,Add Order,1580394818992000000,A,1410080,S,600.0,25.22,252200.0,XIU,39.0,,,,,,,,,,,,,,
2020-01-30 09:33:38.993000000,Add Order,1580394818993000000,A,1410107,S,1400.0,25.2,252000.0,XIU,39.0,,,,,,,,,,,,,,
2020-01-30 09:33:39.021000000,Add Order,1580394819021000000,A,1410824,B,700.0,25.15,251500.0,XIU,39.0,,,,,,,,,,,,,,
2020-01-30 09:33:40.286000000,Add Order,1580394820286000000,A,1415819,S,500.0,25.23,252300.0,XIU,39.0,,,,,,,,,,,,,,
2020-01-30 09:33:40.809000000,Add Order,1580394820809000000,A,1418003,S,700.0,25.22,252200.0,XIU,39.0,,,,,,,,,,,,,,
2020-01-30 09:33:40.832000000,Add Order,1580394820832000000,A,1418256,B,500.0,25.16,251600.0,XIU,39.0,,,,,,,,,,,,,,
2020-01-30 09:33:41.313000000,Add Order,1580394821313000000,A,1421043,S,500.0,25.23,252300.0,XIU,39.0,,,,,,,,,,,,,,
2020-01-30 09:33:41.337000000,Add Order,1580394821337000000,A,1421347,B,600.0,25.15,251500.0,XIU,39.0,,,,,,,,,,,,,,
2020-01-30 09:33:42.360000000,Add Order,1580394822360000000,A,1425543,S,700.0,25.22,252200.0,XIU,39.0,,,,,,,,,,,,,,
2020-01-30 09:33:47.227000000,Add Order,1580394827227000000,A,1446820,S,1700.0,25.19,251900.0,XIU,39.0,,,,,,,,,,,,,,
2020-01-30 09:33:48.126000000,Add Order,1580394828126000000,A,1450822,S,1400.0,25.19,251900.0,XIU,39.0,,,,,,,,,,,,,,
2020-01-30 09:33:48.127000000,Add Order,1580394828127000000,A,1450845,S,500.0,25.21,252100.0,XIU,39.0,,,,,,,,,,,,,,
2020-01-30 09:33:48.633000000,Add Order,1580394828633000000,A,1453099,S,600.0,25.22,252200.0,XIU,39.0,,,,,,,,,,,,,,
2020-01-30 09:33:50.202000000,Add Order,1580394830202000000,A,1459992,S,1100.0,25.19,251900.0,XIU,39.0,,,,,,,,,,,,,,
2020-01-30 09:33:52.883000000,Add Order,1580394832883000000,A,1471980,B,1200.0,25.18,251800.0,XIU,39.0,,,,,,,,,,,,,,
2020-01-30 09:33:53.898000000,Add Order,1580394833898000000,A,1476178,B,500.0,25.16,251600.0,XIU,39.0,,,,,,,,,,,,,,
2020-01-30 09:33:55.183000000,Add Order,1580394835183000000,A,1483687,B,500.0,25.15,251500.0,XIU,39.0,,,,,,,,,,,,,,
2020-01-30 09:33:56.104000000,Add Order,1580394836104000000,A,1489162,S,3200.0,25.19,251900.0,XIU,39.0,,,,,,,,,,,,,,
2020-01-30 09:33:57.361000000,Add Order,1580394837361000000,A,1494662,S,600.0,25.23,252300.0,XIU,39.0,,,,,,,,,,,,,,
2020-01-30 09:33:58.059000000,Add Order,1580394838059000000,A,1498048,S,500.0,25.22,252200.0,XIU,39.0,,,,,,,,,,,,,,
2020-01-30 09:34:02.784000000,Add Order,1580394842784000000,A,1519966,S,600.0,25.23,252300.0,XIU,39.0,,,,,,,,,,,,,,
2020-01-30 09:34:02.807000000,Add Order,1580394842807000000,A,1520381,B,1500.0,25.18,251800.0,XIU,39.0,,,,,,,,,,,,,,
2020-01-30 09:34:03.290000000,Add Order,1580394843290000000,A,1522620,S,700.0,25.22,252200.0,XIU,39.0,,,,,,,,,,,,,,
2020-01-30 09:34:04.202000000,Add Order,1580394844202000000,A,1527123,S,1100.0,25.19,251900.0,XIU,39.0,,,,,,,,,,,,,,
2020-01-30 09:34:06.773000000,Add Order,1580394846773000000,A,1540088,S,600.0,25.21,252100.0,XIU,39.0,,,,,,,,,,,,,,
2020-01-30 09:34:07.465000000,Add Order,1580394847465000000,A,1543109,S,2700.0,25.19,251900.0,XIU,39.0,,,,,,,,,,,,,,
2020-01-30 09:34:07.467000000,Add Order,1580394847467000000,A,1543136,S,2700.0,25.19,251900.0,XIU,39.0,,,,,,,,,,,,,,
2020-01-30 09:34:07.972000000,Add Order,1580394847972000000,A,1545170,B,700.0,25.16,251600.0,XIU,39.0,,,,,,,,,,,,,,
2020-01-30 09:34:07.972000000,Add Order,1580394847972000000,A,1545172,S,10900.0,25.19,251900.0,XIU,39.0,,,,,,,,,,,,,,
2020-01-30 09:34:07.972000000,Add Order,1580394847972000000,A,1545173,S,600.0,25.2,252000.0,XIU,39.0,,,,,,,,,,,,,,
2020-01-30 09:34:10.546000000,Add Order,1580394850546000000,A,1556977,S,3300.0,25.19,251900.0,XIU,39.0,,,,,,,,,,,,,,
2020-01-30 09:34:10.681000000,Add Order,1580394850681000000,A,1556977,S,1500.0,25.19,251900.0,XIU,39.0,,,,,,,,,,,,,,
2020-01-30 09:34:11.713000000,Add Order,1580394851713000000,A,1556977,S,1500.0,25.18,251800.0,XIU,39.0,,,,,,,,,,,,,,
2020-01-30 09:34:11.719000000,Add Order,1580394851719000000,A,1564170,S,700.0,25.19,251900.0,XIU,39.0,,,,,,,,,,,,,,
2020-01-30 09:34:12.833000000,Add Order,1580394852833000000,A,1571580,S,1800.0,25.18,251800.0,XIU,39.0,,,,,,,,,,,,,,
2020-01-30 09:34:12.852000000,Add Order,1580394852852000000,A,1571770,B,1800.0,25.12,251200.0,XIU,39.0,,,,,,,,,,,,,,
2020-01-30 09:34:15.024000000,Add Order,1580394855024000000,A,1587207,S,10100.0,25.18,251800.0,XIU,39.0,,,,,,,,,,,,,,
2020-01-30 09:34:15.107000000,Add Order,1580394855107000000,A,1588206,B,500.0,25.15,251500.0,XIU,39.0,,,,,,,,,,,,,,
2020-01-30 09:34:16.505000000,Add Order,1580394856505000000,A,1595027,B,11000.0,25.16,251600.0,XIU,39.0,,,,,,,,,,,,,,
2020-01-30 09:34:17.105000000,Add Order,1580394857105000000,A,1598419,S,600.0,25.18,251800.0,XIU,39.0,,,,,,,,,,,,,,
2020-01-30 09:34:20.929000000,Add Order,1580394860929000000,A,1621477,S,600.0,25.19,251900.0,XIU,39.0,,,,,,,,,,,,,,
2020-01-30 09:34:20.930000000,Add Order,1580394860930000000,A,1621479,S,10000.0,25.18,251800.0,XIU,39.0,,,,,,,,,,,,,,
2020-01-30 09:34:23.409000000,Add Order,1580394863409000000,A,1632511,B,600.0,25.16,251600.0,XIU,39.0,,,,,,,,,,,,,,
2020-01-30 09:34:23.538000000,Add Order,1580394863538000000,A,1633139,B,1500.0,25.17,251700.0,XIU,39.0,,,,,,,,,,,,,,
2020-01-30 09:34:24.698000000,Add Order,1580394864698000000,A,1640900,S,3300.0,25.19,251900.0,XIU,39.0,,,,,,,,,,,,,,
2020-01-30 09:34:25.261000000,Add Order,1580394865261000000,A,1644282,S,3100.0,25.19,251900.0,XIU,39.0,,,,,,,,,,,,,,
2020-01-30 09:34:25.354000000,Add Order,1580394865354000000,A,1644789,S,3100.0,25.19,251900.0,XIU,39.0,,,,,,,,,,,,,,
2020-01-30 09:34:27.177000000,Add Order,1580394867177000000,A,1652202,B,700.0,25.15,251500.0,XIU,39.0,,,,,,,,,,,,,,
2020-01-30 09:34:27.472000000,Add Order,1580394867472000000,A,1644282,S,1300.0,25.18,251800.0,XIU,39.0,,,,,,,,,,,,,,
2020-01-30 09:34:27.473000000,Add Order,1580394867473000000,A,1653170,S,700.0,25.18,251800.0,XIU,39.0,,,,,,,,,,,,,,
2020-01-30 09:34:28.034000000,Add Order,1580394868034000000,A,1656024,S,500.0,25.19,251900.0,XIU,39.0,,,,,,,,,,,,,,
2020-01-30 09:34:28.036000000,Add Order,1580394868036000000,A,1656031,S,9000.0,25.18,251800.0,XIU,39.0,,,,,,,,,,,,,,
2020-01-30 09:34:29.912000000,Order Execution,1580394869912000000,E,1656031,,,,,,39.0,3600.0,3015487.0,1662020.0,,80.0,,,,,,,,,
2020-01-30 09:34:30.779000000,Add Order,1580394870779000000,A,1665574,S,1500.0,25.18,251800.0,XIU,39.0,,,,,,,,,,,,,,
2020-01-30 09:34:31.239000000,Add Order,1580394871239000000,A,1667969,S,1200.0,25.18,251800.0,XIU,39.0,,,,,,,,,,,,,,
2020-01-30 09:34:34.198000000,Add Order,1580394874198000000,A,1679902,B,600.0,25.16,251600.0,XIU,39.0,,,,,,,,,,,,,,
2020-01-30 09:34:34.345000000,Add Order,1580394874345000000,A,1681294,B,1300.0,25.17,251700.0,XIU,39.0,,,,,,,,,,,,,,
2020-01-30 09:34:34.899000000,Add Order,1580394874899000000,A,1684982,S,2900.0,25.18,251800.0,XIU,39.0,,,,,,,,,,,,,,
2020-01-30 09:34:38.660000000,Add Order,1580394878660000000,A,1706246,B,1500.0,25.17,251700.0,XIU,39.0,,,,,,,,,,,,,,
2020-01-30 09:34:40.083000000,Add Order,1580394880083000000,A,1713908,S,1600.0,25.18,251800.0,XIU,39.0,,,,,,,,,,,,,,
2020-01-30 09:34:44.079000000,Add Order,1580394884079000000,A,1733674,B,500.0,25.15,251500.0,XIU,39.0,,,,,,,,,,,,,,
2020-01-30 09:34:44.079000000,Add Order,1580394884079000000,A,1733675,S,10600.0,25.18,251800.0,XIU,39.0,,,,,,,,,,,,,,
2020-01-30 09:34:45.130000000,Add Order,1580394885130000000,A,1738185,S,700.0,25.18,251800.0,XIU,39.0,,,,,,,,,,,,,,
2020-01-30 09:34:46.951000000,Add Order,1580394886951000000,A,1746355,S,2700.0,25.18,251800.0,XIU,39.0,,,,,,,,,,,,,,
2020-01-30 09:34:47.061000000,Add Order,1580394887061000000,A,1746971,S,2700.0,25.17,251700.0,XIU,39.0,,,,,,,,,,,,,,
2020-01-30 09:34:47.061000000,Add Order,1580394887061000000,A,1746355,S,2700.0,25.17,251700.0,XIU,39.0,,,,,,,,,,,,,,
2020-01-30 09:34:50.149000000,Add Order,1580394890149000000,A,1765078,S,1200.0,25.17,251700.0,XIU,39.0,,,,,,,,,,,,,,
2020-01-30 09:34:50.165000000,Add Order,1580394890165000000,A,1765620,B,1800.0,25.11,251100.0,XIU,39.0,,,,,,,,,,,,,,
2020-01-30 09:34:50.394000000,Add Order,1580394890394000000,A,1767441,B,1300.0,25.16,251600.0,XIU,39.0,,,,,,,,,,,,,,
2020-01-30 09:34:50.926000000,Add Order,1580394890926000000,A,1769712,S,1200.0,25.17,251700.0,XIU,39.0,,,,,,,,,,,,,,
2020-01-30 09:34:55.160000000,Add Order,1580394895160000000,A,1792622,B,700.0,25.14,251400.0,XIU,39.0,,,,,,,,,,,,,,
2020-01-30 09:34:56.024000000,Add Order,1580394896024000000,A,1795919,B,700.0,25.15,251500.0,XIU,39.0,,,,,,,,,,,,,,
2020-01-30 09:34:56.720000000,Add Order,1580394896720000000,A,1798957,S,9100.0,25.17,251700.0,XIU,39.0,,,,,,,,,,,,,,
2020-01-30 09:34:56.721000000,Add Order,1580394896721000000,A,1798959,B,700.0,25.14,251400.0,XIU,39.0,,,,,,,,,,,,,,
2020-01-30 09:34:59.082000000,Add Order,1580394899082000000,A,1813005,S,3400.0,25.16,251600.0,XIU,39.0,,,,,,,,,,,,,,
2020-01-30 09:34:59.083000000,Add Order,1580394899083000000,A,1813010,S,1500.0,25.16,251600.0,XIU,39.0,,,,,,,,,,,,,,
2020-01-30 09:34:59.086000000,Add Order,1580394899086000000,A,1813049,S,700.0,25.17,251700.0,XIU,39.0,,,,,,,,,,,,,,
2020-01-30 09:34:59.118000000,Add Order,1580394899118000000,A,1813240,B,1500.0,25.1,251000.0,XIU,39.0,,,,,,,,,,,,,,
2020-01-30 09:34:59.326000000,Add Order,1580394899326000000,A,1814080,B,1500.0,25.15,251500.0,XIU,39.0,,,,,,,,,,,,,,
2020-01-30 09:35:01.103000000,Add Order,1580394901103000000,A,1830257,S,2800.0,25.16,251600.0,XIU,39.0,,,,,,,,,,,,,,
2020-01-30 09:35:01.615000000,Add Order,1580394901615000000,A,1836637,S,11100.0,25.16,251600.0,XIU,39.0,,,,,,,,,,,,,,
2020-01-30 09:35:01.956000000,Add Order,1580394901956000000,A,1839635,B,500.0,25.13,251300.0,XIU,39.0,,,,,,,,,,,,,,
2020-01-30 09:35:04.808000000,Add Order,1580394904808000000,A,1864565,S,3200.0,25.16,251600.0,XIU,39.0,,,,,,,,,,,,,,
2020-01-30 09:35:04.839000000,Add Order,1580394904839000000,A,1864565,S,3200.0,25.15,251500.0,XIU,39.0,,,,,,,,,,,,,,
2020-01-30 09:35:04.841000000,Add Order,1580394904841000000,A,1865114,S,700.0,25.16,251600.0,XIU,39.0,,,,,,,,,,,,,,
2020-01-30 09:35:06.848000000,Add Order,1580394906848000000,A,1884362,S,1400.0,25.15,251500.0,XIU,39.0,,,,,,,,,,,,,,
2020-01-30 09:35:08.793000000,Add Order,1580394908793000000,A,1900665,S,1200.0,25.15,251500.0,XIU,39.0,,,,,,,,,,,,,,
2020-01-30 09:35:08.796000000,Add Order,1580394908796000000,A,1900749,S,9000.0,25.15,251500.0,XIU,39.0,,,,,,,,,,,,,,
2020-01-30 09:35:08.888000000,Add Order,1580394908888000000,A,1901638,B,1200.0,25.09,250900.0,XIU,39.0,,,,,,,,,,,,,,
2020-01-30 09:35:08.996000000,Add Order,1580394908996000000,A,1902521,B,700.0,25.12,251200.0,XIU,39.0,,,,,,,,,,,,,,
2020-01-30 09:35:09.892000000,Add Order,1580394909892000000,A,1911277,S,3200.0,25.15,251500.0,XIU,39.0,,,,,,,,,,,,,,
2020-01-30 09:35:10.473000000,Add Order,1580394910473000000,A,1917891,S,1500.0,25.14,251400.0,XIU,39.0,,,,,,,,,,,,,,
2020-01-30 09:35:10.705000000,Add Order,1580394910705000000,A,1920846,S,1700.0,25.14,251400.0,XIU,39.0,,,,,,,,,,,,,,
2020-01-30 09:35:11.358000000,Add Order,1580394911358000000,A,1926929,S,500.0,25.15,251500.0,XIU,39.0,,,,,,,,,,,,,,
2020-01-30 09:35:11.978000000,Add Order,1580394911978000000,A,1930854,S,1200.0,25.14,251400.0,XIU,39.0,,,,,,,,,,,,,,
2020-01-30 09:35:12.652000000,Add Order,1580394912652000000,A,1935813,B,500.0,25.12,251200.0,XIU,39.0,,,,,,,,,,,,,,
2020-01-30 09:35:12.652000000,Add Order,1580394912652000000,A,1935814,S,700.0,25.15,251500.0,XIU,39.0,,,,,,,,,,,,,,
2020-01-30 09:35:13.824000000,Add Order,1580394913824000000,A,1946575,S,500.0,25.16,251600.0,XIU,39.0,,,,,,,,,,,,,,
2020-01-30 09:35:13.825000000,Add Order,1580394913825000000,A,1946585,S,11300.0,25.15,251500.0,XIU,39.0,,,,,,,,,,,,,,
2020-01-30 09:35:14.616000000,Add Order,1580394914616000000,A,1953456,B,500.0,25.13,251300.0,XIU,39.0,,,,,,,,,,,,,,
2020-01-30 09:35:19.792000000,Add Order,1580394919792000000,A,1989898,B,1400.0,25.14,251400.0,XIU,39.0,,,,,,,,,,,,,,
2020-01-30 09:35:22.428000000,Add Order,1580394922428000000,A,2012348,B,10600.0,25.14,251400.0,XIU,39.0,,,,,,,,,,,,,,
2020-01-30 09:35:22.812000000,Add Order,1580394922812000000,A,2014748,S,500.0,25.17,251700.0,XIU,39.0,,,,,,,,,,,,,,
2020-01-30 09:35:22.815000000,Add Order,1580394922815000000,A,2014789,S,9200.0,25.16,251600.0,XIU,39.0,,,,,,,,,,,,,,
2020-01-30 09:35:24.516000000,Add Order,1580394924516000000,A,2027428,B,3300.0,25.14,251400.0,XIU,39.0,,,,,,,,,,,,,,
2020-01-30 09:35:24.522000000,Add Order,1580394924522000000,A,2027463,B,3300.0,25.15,251500.0,XIU,39.0,,,,,,,,,,,,,,
2020-01-30 09:35:24.523000000,Add Order,1580394924523000000,A,2027472,S,9700.0,25.16,251600.0,XIU,39.0,,,,,,,,,,,,,,
2020-01-30 09:35:24.524000000,Add Order,1580394924524000000,A,2027487,B,9400.0,25.14,251400.0,XIU,39.0,,,,,,,,,,,,,,
2020-01-30 09:35:24.556000000,Add Order,1580394924556000000,A,2027637,S,600.0,25.16,251600.0,XIU,39.0,,,,,,,,,,,,,,
2020-01-30 09:35:27.240000000,Add Order,1580394927240000000,A,2046693,B,11200.0,25.14,251400.0,XIU,39.0,,,,,,,,,,,,,,
2020-01-30 09:35:28.024000000,Add Order,1580394928024000000,A,2052091,S,700.0,25.17,251700.0,XIU,39.0,,,,,,,,,,,,,,
2020-01-30 09:35:28.025000000,Add Order,1580394928025000000,A,2052113,S,9800.0,25.16,251600.0,XIU,39.0,,,,,,,,,,,,,,
2020-01-30 09:35:29.255000000,Add Order,1580394929255000000,A,2060982,B,600.0,25.14,251400.0,XIU,39.0,,,,,,,,,,,,,,
2020-01-30 09:35:29.257000000,Add Order,1580394929257000000,A,2061017,B,1800.0,25.15,251500.0,XIU,39.0,,,,,,,,,,,,,,
2020-01-30 09:35:29.720000000,Add Order,1580394929720000000,A,2063615,S,1800.0,25.21,252100.0,XIU,39.0,,,,,,,,,,,,,,
2020-01-30 09:35:30.164000000,Add Order,1580394930164000000,A,2066952,S,1200.0,25.16,251600.0,XIU,39.0,,,,,,,,,,,,,,
2020-01-30 09:35:30.282000000,Add Order,1580394930282000000,A,2068077,S,1500.0,25.16,251600.0,XIU,39.0,,,,,,,,,,,,,,
2020-01-30 09:35:30.929000000,Add Order,1580394930929000000,A,2071829,S,700.0,25.18,251800.0,XIU,39.0,,,,,,,,,,,,,,
2020-01-30 09:35:31.123000000,Add Order,1580394931123000000,A,2072902,B,10800.0,25.15,251500.0,XIU,39.0,,,,,,,,,,,,,,
2020-01-30 09:35:31.278000000,Add Order,1580394931278000000,A,2074206,B,9200.0,25.15,251500.0,XIU,39.0,,,,,,,,,,,,,,
2020-01-30 09:35:31.859000000,Add Order,1580394931859000000,A,2080583,S,600.0,25.19,251900.0,XIU,39.0,,,,,,,,,,,,,,
2020-01-30 09:35:31.860000000,Add Order,1580394931860000000,A,2080592,B,3100.0,25.15,251500.0,XIU,39.0,,,,,,,,,,,,,,
2020-01-30 09:35:31.871000000,Add Order,1580394931871000000,A,2081283,B,700.0,25.15,251500.0,XIU,39.0,,,,,,,,,,,,,,
2020-01-30 09:35:34.134000000,Add Order,1580394934134000000,A,2100176,B,1600.0,25.16,251600.0,XIU,39.0,,,,,,,,,,,,,,
2020-01-30 09:35:34.844000000,Add Order,1580394934844000000,A,2104635,B,8700.0,25.16,251600.0,XIU,39.0,,,,,,,,,,,,,,
2020-01-30 09:35:37.641000000,Add Order,1580394937641000000,A,2123019,B,9600.0,25.16,251600.0,XIU,39.0,,,,,,,,,,,,,,
2020-01-30 09:35:37.675000000,Add Order,1580394937675000000,A,2123796,B,1700.0,25.16,251600.0,XIU,39.0,,,,,,,,,,,,,,
2020-01-30 09:35:38.538000000,Add Order,1580394938538000000,A,2129008,B,1300.0,25.16,251600.0,XIU,39.0,,,,,,,,,,,,,,
2020-01-30 09:35:38.588000000,Add Order,1580394938588000000,A,2129223,S,1900.0,25.22,252200.0,XIU,39.0,,,,,,,,,,,,,,
2020-01-30 09:35:41.448000000,Add Order,1580394941448000000,A,2147236,B,600.0,25.14,251400.0,XIU,39.0,,,,,,,,,,,,,,
2020-01-30 09:35:41.448000000,Add Order,1580394941448000000,A,2147237,S,700.0,25.18,251800.0,XIU,39.0,,,,,,,,,,,,,,
2020-01-30 09:35:41.546000000,Add Order,1580394941546000000,A,2147703,B,10000.0,25.16,251600.0,XIU,39.0,,,,,,,,,,,,,,
2020-01-30 09:35:42.005000000,Add Order,1580394942005000000,A,2150467,B,600.0,25.15,251500.0,XIU,39.0,,,,,,,,,,,,,,
2020-01-30 09:35:42.005000000,Add Order,1580394942005000000,A,2150468,S,600.0,25.19,251900.0,XIU,39.0,,,,,,,,,,,,,,
2020-01-30 09:35:43.414000000,Add Order,1580394943414000000,A,2158962,B,600.0,25.16,251600.0,XIU,39.0,,,,,,,,,,,,,,
2020-01-30 09:35:43.823000000,Add Order,1580394943823000000,A,2161913,B,9100.0,25.16,251600.0,XIU,39.0,,,,,,,,,,,,,,
2020-01-30 09:35:43.990000000,Add Order,1580394943990000000,A,2163235,B,700.0,25.15,251500.0,XIU,39.0,,,,,,,,,,,,,,
2020-01-30 09:35:52.289000000,Add Order,1580394952289000000,A,2211016,B,600.0,25.14,251400.0,XIU,39.0,,,,,,,,,,,,,,
2020-01-30 09:35:52.289000000,Add Order,1580394952289000000,A,2211018,S,10800.0,25.18,251800.0,XIU,39.0,,,,,,,,,,,,,,
2020-01-30 09:35:52.681000000,Add Order,1580394952681000000,A,2213517,S,500.0,25.18,251800.0,XIU,39.0,,,,,,,,,,,,,,
2020-01-30 09:35:56.797000000,Add Order,1580394956797000000,A,2234541,S,600.0,25.19,251900.0,XIU,39.0,,,,,,,,,,,,,,
2020-01-30 09:35:56.797000000,Add Order,1580394956797000000,A,2234544,S,9300.0,25.18,251800.0,XIU,39.0,,,,,,,,,,,,,,
2020-01-30 09:35:57.332000000,Add Order,1580394957332000000,A,2238315,S,11300.0,25.18,251800.0,XIU,39.0,,,,,,,,,,,,,,
2020-01-30 09:35:57.950000000,Add Order,1580394957950000000,A,2241295,B,600.0,25.15,251500.0,XIU,39.0,,,,,,,,,,,,,,
2020-01-30 09:36:00.409000000,Add Order,1580394960409000000,A,2253431,B,1600.0,25.17,251700.0,XIU,39.0,,,,,,,,,,,,,,
2020-01-30 09:36:00.760000000,Add Order,1580394960760000000,A,2255010,S,11500.0,25.18,251800.0,XIU,39.0,,,,,,,,,,,,,,
2020-01-30 09:36:01.256000000,Add Order,1580394961256000000,A,2259309,S,8700.0,25.18,251800.0,XIU,39.0,,,,,,,,,,,,,,
2020-01-30 09:36:02.030000000,Add Order,1580394962030000000,A,2264065,B,1700.0,25.17,251700.0,XIU,39.0,,,,,,,,,,,,,,
2020-01-30 09:36:03.637000000,Add Order,1580394963637000000,A,2275399,S,1600.0,25.23,252300.0,XIU,39.0,,,,,,,,,,,,,,
2020-01-30 09:36:04.266000000,Add Order,1580394964266000000,A,2280768,S,9400.0,25.18,251800.0,XIU,39.0,,,,,,,,,,,,,,
2020-01-30 09:36:06.661000000,Add Order,1580394966661000000,A,2294979,B,500.0,25.16,251600.0,XIU,39.0,,,,,,,,,,,,,,
2020-01-30 09:36:08.124000000,Add Order,1580394968124000000,A,2307780,B,1500.0,25.18,251800.0,XIU,39.0,,,,,,,,,,,,,,
2020-01-30 09:36:08.367000000,Add Order,1580394968367000000,A,2309797,S,700.0,25.2,252000.0,XIU,39.0,,,,,,,,,,,,,,
2020-01-30 09:36:08.368000000,Add Order,1580394968368000000,A,2309821,S,9500.0,25.19,251900.0,XIU,39.0,,,,,,,,,,,,,,
2020-01-30 09:36:09.541000000,Add Order,1580394969541000000,A,2318670,S,600.0,25.19,251900.0,XIU,39.0,,,,,,,,,,,,,,
2020-01-30 09:36:10.727000000,Add Order,1580394970727000000,A,2326100,B,10900.0,25.17,251700.0,XIU,39.0,,,,,,,,,,,,,,
2020-01-30 09:36:10.727000000,Add Order,1580394970727000000,A,2326103,S,600.0,25.2,252000.0,XIU,39.0,,,,,,,,,,,,,,
2020-01-30 09:36:10.989000000,Add Order,1580394970989000000,A,2327665,S,1600.0,25.18,251800.0,XIU,39.0,,,,,,,,,,,,,,
2020-01-30 09:36:11.225000000,Add Order,1580394971225000000,A,2329263,S,600.0,25.19,251900.0,XIU,39.0,,,,,,,,,,,,,,
2020-01-30 09:36:14.865000000,Add Order,1580394974865000000,A,2352460,S,600.0,25.2,252000.0,XIU,39.0,,,,,,,,,,,,,,
2020-01-30 09:36:14.866000000,Add Order,1580394974866000000,A,2352462,S,9600.0,25.19,251900.0,XIU,39.0,,,,,,,,,,,,,,
2020-01-30 09:36:16.263000000,Add Order,1580394976263000000,A,2359920,B,10600.0,25.17,251700.0,XIU,39.0,,,,,,,,,,,,,,
2020-01-30 09:36:20.589000000,Add Order,1580394980589000000,A,2385843,S,3200.0,25.19,251900.0,XIU,39.0,,,,,,,,,,,,,,
2020-01-30 09:36:20.649000000,Add Order,1580394980649000000,A,2386310,S,3200.0,25.18,251800.0,XIU,39.0,,,,,,,,,,,,,,
2020-01-30 09:36:20.649000000,Add Order,1580394980649000000,A,2385843,S,3200.0,25.19,251900.0,XIU,39.0,,,,,,,,,,,,,,
2020-01-30 09:36:20.652000000,Add Order,1580394980652000000,A,2386405,S,600.0,25.19,251900.0,XIU,39.0,,,,,,,,,,,,,,
2020-01-30 09:36:21.510000000,Add Order,1580394981510000000,A,2393300,S,500.0,25.2,252000.0,XIU,39.0,,,,,,,,,,,,,,
2020-01-30 09:36:21.510000000,Add Order,1580394981510000000,A,2393307,S,8800.0,25.19,251900.0,XIU,39.0,,,,,,,,,,,,,,
2020-01-30 09:36:23.124000000,Add Order,1580394983124000000,A,2404488,B,1700.0,25.18,251800.0,XIU,39.0,,,,,,,,,,,,,,
2020-01-30 09:36:23.132000000,Add Order,1580394983132000000,A,2404667,B,500.0,25.17,251700.0,XIU,39.0,,,,,,,,,,,,,,
2020-01-30 09:36:24.382000000,Add Order,1580394984382000000,A,2413611,S,1700.0,25.24,252400.0,XIU,39.0,,,,,,,,,,,,,,
2020-01-30 09:36:25.267000000,Add Order,1580394985267000000,A,2420606,S,1200.0,25.19,251900.0,XIU,39.0,,,,,,,,,,,,,,
2020-01-30 09:36:28.001000000,Add Order,1580394988001000000,A,2435873,S,1500.0,25.19,251900.0,XIU,39.0,,,,,,,,,,,,,,
2020-01-30 09:36:30.597000000,Add Order,1580394990597000000,A,2453109,S,10500.0,25.19,251900.0,XIU,39.0,,,,,,,,,,,,,,
2020-01-30 09:36:30.622000000,Add Order,1580394990622000000,A,2454210,B,600.0,25.16,251600.0,XIU,39.0,,,,,,,,,,,,,,
2020-01-30 09:36:31.261000000,Add Order,1580394991261000000,A,2459221,B,10900.0,25.17,251700.0,XIU,39.0,,,,,,,,,,,,,,
2020-01-30 09:36:39.207000000,Add Order,1580394999207000000,A,2500540,S,500.0,25.19,251900.0,XIU,39.0,,,,,,,,,,,,,,
2020-01-30 09:36:40.562000000,Add Order,1580395000562000000,A,2510170,S,9400.0,25.18,251800.0,XIU,39.0,,,,,,,,,,,,,,
2020-01-30 09:36:40.698000000,Add Order,1580395000698000000,A,2511431,S,1600.0,25.18,251800.0,XIU,39.0,,,,,,,,,,,,,,
2020-01-30 09:36:40.701000000,Add Order,1580395000701000000,A,2511535,B,700.0,25.15,251500.0,XIU,39.0,,,,,,,,,,,,,,
2020-01-30 09:36:40.932000000,Add Order,1580395000932000000,A,2513446,S,1800.0,25.18,251800.0,XIU,39.0,,,,,,,,,,,,,,
2020-01-30 09:36:41.968000000,Add Order,1580395001968000000,A,2519143,B,700.0,25.16,251600.0,XIU,39.0,,,,,,,,,,,,,,
2020-01-30 09:36:44.036000000,Add Order,1580395004036000000,A,2531593,S,1600.0,25.18,251800.0,XIU,39.0,,,,,,,,,,,,,,
2020-01-30 09:36:45.114000000,Add Order,1580395005114000000,A,2537382,S,1300.0,25.18,251800.0,XIU,39.0,,,,,,,,,,,,,,
2020-01-30 09:36:45.543000000,Add Order,1580395005543000000,A,2540816,B,500.0,25.15,251500.0,XIU,39.0,,,,,,,,,,,,,,
2020-01-30 09:36:45.543000000,Add Order,1580395005543000000,A,2540817,S,8600.0,25.18,251800.0,XIU,39.0,,,,,,,,,,,,,,
2020-01-30 09:36:48.452000000,Add Order,1580395008452000000,A,2555951,S,1300.0,25.18,251800.0,XIU,39.0,,,,,,,,,,,,,,
2020-01-30 09:36:51.508000000,Add Order,1580395011508000000,A,2572832,B,600.0,25.16,251600.0,XIU,39.0,,,,,,,,,,,,,,
2020-01-30 09:36:51.598000000,Add Order,1580395011598000000,A,2574219,B,1400.0,25.17,251700.0,XIU,39.0,,,,,,,,,,,,,,
2020-01-30 09:36:51.598000000,Order Execution,1580395011598000000,E,2540817,,,,,,39.0,3800.0,3022184.0,2574224.0,,79.0,,,,,,,,,
2020-01-30 09:36:51.902000000,Add Order,1580395011902000000,A,2577329,S,600.0,25.2,252000.0,XIU,39.0,,,,,,,,,,,,,,
2020-01-30 09:36:51.903000000,Add Order,1580395011903000000,A,2577339,S,10800.0,25.19,251900.0,XIU,39.0,,,,,,,,,,,,,,
2020-01-30 09:36:52.923000000,Add Order,1580395012923000000,A,2584060,S,10400.0,25.19,251900.0,XIU,39.0,,,,,,,,,,,,,,
2020-01-30 09:36:54.858000000,Add Order,1580395014858000000,A,2594667,S,3300.0,25.19,251900.0,XIU,39.0,,,,,,,,,,,,,,
2020-01-30 09:36:54.866000000,Add Order,1580395014866000000,A,2594782,S,3300.0,25.18,251800.0,XIU,39.0,,,,,,,,,,,,,,
2020-01-30 09:36:54.866000000,Add Order,1580395014866000000,A,2594667,S,3300.0,25.18,251800.0,XIU,39.0,,,,,,,,,,,,,,
2020-01-30 09:36:54.873000000,Add Order,1580395014873000000,A,2594833,S,10900.0,25.19,251900.0,XIU,39.0,,,,,,,,,,,,,,
2020-01-30 09:36:59.136000000,Add Order,1580395019136000000,A,2622880,S,9500.0,25.19,251900.0,XIU,39.0,,,,,,,,,,,,,,
2020-01-30 09:37:00.481000000,Add Order,1580395020481000000,A,2633342,B,1200.0,25.18,251800.0,XIU,39.0,,,,,,,,,,,,,,
2020-01-30 09:37:01.965000000,Add Order,1580395021965000000,A,2646590,S,10400.0,25.19,251900.0,XIU,39.0,,,,,,,,,,,,,,
2020-01-30 09:37:02.784000000,Add Order,1580395022784000000,A,2653498,S,9700.0,25.19,251900.0,XIU,39.0,,,,,,,,,,,,,,
2020-01-30 09:37:02.951000000,Add Order,1580395022951000000,A,2654722,S,600.0,25.19,251900.0,XIU,39.0,,,,,,,,,,,,,,
2020-01-30 09:37:03.468000000,Add Order,1580395023468000000,A,2657980,B,10800.0,25.17,251700.0,XIU,39.0,,,,,,,,,,,,,,
2020-01-30 09:37:03.496000000,Add Order,1580395023496000000,A,2659143,S,500.0,25.2,252000.0,XIU,39.0,,,,,,,,,,,,,,
2020-01-30 09:37:03.531000000,Add Order,1580395023531000000,A,2659890,S,9600.0,25.19,251900.0,XIU,39.0,,,,,,,,,,,,,,
2020-01-30 09:37:05.196000000,Add Order,1580395025196000000,A,2669189,B,10800.0,25.17,251700.0,XIU,39.0,,,,,,,,,,,,,,
2020-01-30 09:37:05.693000000,Add Order,1580395025693000000,A,2672751,S,1600.0,25.18,251800.0,XIU,39.0,,,,,,,,,,,,,,
2020-01-30 09:37:06.116000000,Add Order,1580395026116000000,A,2675811,B,8900.0,25.17,251700.0,XIU,39.0,,,,,,,,,,,,,,
2020-01-30 09:37:06.552000000,Add Order,1580395026552000000,A,2679217,S,1500.0,25.18,251800.0,XIU,39.0,,,,,,,,,,,,,,
2020-01-30 09:37:06.557000000,Add Order,1580395026557000000,A,2679316,S,600.0,25.19,251900.0,XIU,39.0,,,,,,,,,,,,,,
2020-01-30 09:37:07.687000000,Add Order,1580395027687000000,A,2684645,S,1600.0,25.18,251800.0,XIU,39.0,,,,,,,,,,,,,,
2020-01-30 09:37:08.985000000,Add Order,1580395028985000000,A,2690469,B,10600.0,25.17,251700.0,XIU,39.0,,,,,,,,,,,,,,
2020-01-30 09:37:09.022000000,Add Order,1580395029022000000,A,2691214,S,700.0,25.2,252000.0,XIU,39.0,,,,,,,,,,,,,,
2020-01-30 09:37:09.025000000,Add Order,1580395029025000000,A,2691345,S,8700.0,25.19,251900.0,XIU,39.0,,,,,,,,,,,,,,
2020-01-30 09:37:10.229000000,Add Order,1580395030229000000,A,2698232,S,600.0,25.19,251900.0,XIU,39.0,,,,,,,,,,,,,,
2020-01-30 09:37:10.412000000,Add Order,1580395030412000000,A,2700118,S,1200.0,25.18,251800.0,XIU,39.0,,,,,,,,,,,,,,
2020-01-30 09:37:17.132000000,Add Order,1580395037132000000,A,2740523,S,11100.0,25.18,251800.0,XIU,39.0,,,,,,,,,,,,,,
2020-01-30 09:37:18.190000000,Add Order,1580395038190000000,A,2747974,S,1100.0,25.18,251800.0,XIU,39.0,,,,,,,,,,,,,,
2020-01-30 09:37:18.970000000,Add Order,1580395038970000000,A,2753881,S,11400.0,25.18,251800.0,XIU,39.0,,,,,,,,,,,,,,
2020-01-30 09:37:19.085000000,Add Order,1580395039085000000,A,2756881,S,2900.0,25.18,251800.0,XIU,39.0,,,,,,,,,,,,,,
2020-01-30 09:37:19.970000000,Add Order,1580395039970000000,A,2763087,B,600.0,25.15,251500.0,XIU,39.0,,,,,,,,,,,,,,
2020-01-30 09:37:21.271000000,Add Order,1580395041271000000,A,2771972,S,3000.0,25.18,251800.0,XIU,39.0,,,,,,,,,,,,,,
2020-01-30 09:37:21.410000000,Add Order,1580395041410000000,A,2772900,S,2700.0,25.18,251800.0,XIU,39.0,,,,,,,,,,,,,,
2020-01-30 09:37:21.411000000,Add Order,1580395041411000000,A,2772900,S,2700.0,25.17,251700.0,XIU,39.0,,,,,,,,,,,,,,
2020-01-30 09:37:21.415000000,Add Order,1580395041415000000,A,2773086,S,500.0,25.18,251800.0,XIU,39.0,,,,,,,,,,,,,,
2020-01-30 09:37:21.499000000,Add Order,1580395041499000000,A,2775048,S,9500.0,25.18,251800.0,XIU,39.0,,,,,,,,,,,,,,
2020-01-30 09:37:22.007000000,Add Order,1580395042007000000,A,2778000,S,600.0,25.19,251900.0,XIU,39.0,,,,,,,,,,,,,,
2020-01-30 09:37:23.279000000,Add Order,1580395043279000000,A,2785023,S,9900.0,25.18,251800.0,XIU,39.0,,,,,,,,,,,,,,
2020-01-30 09:37:23.641000000,Add Order,1580395043641000000,A,2786710,B,1400.0,25.17,251700.0,XIU,39.0,,,,,,,,,,,,,,
2020-01-30 09:37:24.380000000,Add Order,1580395044380000000,A,2790493,B,600.0,25.15,251500.0,XIU,39.0,,,,,,,,,,,,,,
2020-01-30 09:37:24.380000000,Add Order,1580395044380000000,A,2790495,S,9100.0,25.18,251800.0,XIU,39.0,,,,,,,,,,,,,,
2020-01-30 09:37:24.380000000,Add Order,1580395044380000000,A,2790496,S,600.0,25.19,251900.0,XIU,39.0,,,,,,,,,,,,,,
2020-01-30 09:37:26.710000000,Add Order,1580395046710000000,A,2805667,B,700.0,25.16,251600.0,XIU,39.0,,,,,,,,,,,,,,
2020-01-30 09:37:27.216000000,Add Order,1580395047216000000,A,2807756,B,600.0,25.15,251500.0,XIU,39.0,,,,,,,,,,,,,,
2020-01-30 09:37:32.450000000,Add Order,1580395052450000000,A,2835603,S,2700.0,25.18,251800.0,XIU,39.0,,,,,,,,,,,,,,
2020-01-30 09:37:32.459000000,Add Order,1580395052459000000,A,2835603,S,2700.0,25.17,251700.0,XIU,39.0,,,,,,,,,,,,,,
2020-01-30 09:37:32.461000000,Add Order,1580395052461000000,A,2835757,B,8900.0,25.16,251600.0,XIU,39.0,,,,,,,,,,,,,,
2020-01-30 09:37:32.480000000,Add Order,1580395052480000000,A,2836067,S,700.0,25.18,251800.0,XIU,39.0,,,,,,,,,,,,,,
2020-01-30 09:37:33.569000000,Add Order,1580395053569000000,A,2843263,S,700.0,25.19,251900.0,XIU,39.0,,,,,,,,,,,,,,
2020-01-30 09:37:33.570000000,Add Order,1580395053570000000,A,2843268,S,10500.0,25.18,251800.0,XIU,39.0,,,,,,,,,,,,,,
2020-01-30 09:37:34.675000000,Add Order,1580395054675000000,A,2847767,B,9200.0,25.16,251600.0,XIU,39.0,,,,,,,,,,,,,,
2020-01-30 09:37:36.344000000,Add Order,1580395056344000000,A,2855356,S,11300.0,25.18,251800.0,XIU,39.0,,,,,,,,,,,,,,
2020-01-30 09:37:37.341000000,Add Order,1580395057341000000,A,2859735,B,500.0,25.16,251600.0,XIU,39.0,,,,,,,,,,,,,,
2020-01-30 09:37:37.773000000,Add Order,1580395057773000000,A,2862544,B,1600.0,25.17,251700.0,XIU,39.0,,,,,,,,,,,,,,
2020-01-30 09:37:40.113000000,Add Order,1580395060113000000,A,2875869,B,600.0,25.15,251500.0,XIU,39.0,,,,,,,,,,,,,,
2020-01-30 09:37:40.122000000,Add Order,1580395060122000000,A,2875985,B,10200.0,25.16,251600.0,XIU,39.0,,,,,,,,,,,,,,
2020-01-30 09:37:41.012000000,Add Order,1580395061012000000,A,2880219,S,1600.0,25.18,251800.0,XIU,39.0,,,,,,,,,,,,,,
2020-01-30 09:37:41.557000000,Add Order,1580395061557000000,A,2882309,S,600.0,25.18,251800.0,XIU,39.0,,,,,,,,,,,,,,
2020-01-30 09:37:42.195000000,Add Order,1580395062195000000,A,2884931,S,500.0,25.19,251900.0,XIU,39.0,,,,,,,,,,,,,,
2020-01-30 09:37:42.546000000,Add Order,1580395062546000000,A,2886253,B,600.0,25.16,251600.0,XIU,39.0,,,,,,,,,,,,,,
2020-01-30 09:37:42.614000000,Add Order,1580395062614000000,A,2886669,S,10500.0,25.18,251800.0,XIU,39.0,,,,,,,,,,,,,,
2020-01-30 09:37:43.558000000,Add Order,1580395063558000000,A,2891398,S,3100.0,25.18,251800.0,XIU,39.0,,,,,,,,,,,,,,
2020-01-30 09:37:43.566000000,Add Order,1580395063566000000,A,2891506,S,3100.0,25.17,251700.0,XIU,39.0,,,,,,,,,,,,,,
2020-01-30 09:37:43.567000000,Add Order,1580395063567000000,A,2891398,S,3100.0,25.17,251700.0,XIU,39.0,,,,,,,,,,,,,,
2020-01-30 09:37:45.020000000,Add Order,1580395065020000000,A,2896869,B,700.0,25.15,251500.0,XIU,39.0,,,,,,,,,,,,,,
2020-01-30 09:37:45.021000000,Add Order,1580395065021000000,A,2896896,B,10600.0,25.16,251600.0,XIU,39.0,,,,,,,,,,,,,,
2020-01-30 09:37:45.210000000,Add Order,1580395065210000000,A,2899148,S,1600.0,25.17,251700.0,XIU,39.0,,,,,,,,,,,,,,
2020-01-30 09:37:45.340000000,Add Order,1580395065340000000,A,2899638,B,11400.0,25.16,251600.0,XIU,39.0,,,,,,,,,,,,,,
2020-01-30 09:37:48.978000000,Add Order,1580395068978000000,A,2917484,S,10800.0,25.18,251800.0,XIU,39.0,,,,,,,,,,,,,,
2020-01-30 09:37:48.978000000,Add Order,1580395068978000000,A,2917493,B,500.0,25.16,251600.0,XIU,39.0,,,,,,,,,,,,,,
2020-01-30 09:37:49.547000000,Add Order,1580395069547000000,A,2919758,B,500.0,25.15,251500.0,XIU,39.0,,,,,,,,,,,,,,
2020-01-30 09:37:51.066000000,Add Order,1580395071066000000,A,2926302,S,2900.0,25.18,251800.0,XIU,39.0,,,,,,,,,,,,,,
2020-01-30 09:37:51.376000000,Add Order,1580395071376000000,A,2927513,S,2900.0,25.17,251700.0,XIU,39.0,,,,,,,,,,,,,,
2020-01-30 09:37:51.376000000,Add Order,1580395071376000000,A,2926302,S,1600.0,25.17,251700.0,XIU,39.0,,,,,,,,,,,,,,
2020-01-30 09:37:51.377000000,Add Order,1580395071377000000,A,2927526,B,10400.0,25.16,251600.0,XIU,39.0,,,,,,,,,,,,,,
2020-01-30 09:37:53.804000000,Add Order,1580395073804000000,A,2940465,S,10100.0,25.18,251800.0,XIU,39.0,,,,,,,,,,,,,,
2020-01-30 09:37:53.807000000,Add Order,1580395073807000000,A,2940504,B,700.0,25.16,251600.0,XIU,39.0,,,,,,,,,,,,,,
2020-01-30 09:37:56.071000000,Add Order,1580395076071000000,A,2951098,B,1400.0,25.17,251700.0,XIU,39.0,,,,,,,,,,,,,,
2020-01-30 09:37:57.013000000,Add Order,1580395077013000000,A,2954818,B,1400.0,25.17,251700.0,XIU,39.0,,,,,,,,,,,,,,
2020-01-30 09:37:58.840000000,Add Order,1580395078840000000,A,2965865,S,10600.0,25.18,251800.0,XIU,39.0,,,,,,,,,,,,,,
2020-01-30 09:38:00.311000000,Add Order,1580395080311000000,A,2975011,B,600.0,25.15,251500.0,XIU,39.0,,,,,,,,,,,,,,
2020-01-30 09:38:01.314000000,Add Order,1580395081314000000,A,2983787,S,700.0,25.18,251800.0,XIU,39.0,,,,,,,,,,,,,,
2020-01-30 09:38:01.385000000,Add Order,1580395081385000000,A,2985004,S,1200.0,25.18,251800.0,XIU,39.0,,,,,,,,,,,,,,
2020-01-30 09:38:01.396000000,Add Order,1580395081396000000,A,2985528,S,1300.0,25.17,251700.0,XIU,39.0,,,,,,,,,,,,,,
2020-01-30 09:38:02.478000000,Add Order,1580395082478000000,A,2995217,B,1500.0,25.11,251100.0,XIU,39.0,,,,,,,,,,,,,,
2020-01-30 09:38:03.494000000,Add Order,1580395083494000000,A,3000075,B,1300.0,25.16,251600.0,XIU,39.0,,,,,,,,,,,,,,
2020-01-30 09:38:06.304000000,Add Order,1580395086304000000,A,3020447,B,700.0,25.16,251600.0,XIU,39.0,,,,,,,,,,,,,,
2020-01-30 09:38:06.304000000,Add Order,1580395086304000000,A,3020448,S,700.0,25.19,251900.0,XIU,39.0,,,,,,,,,,,,,,
2020-01-30 09:38:06.306000000,Add Order,1580395086306000000,A,3020522,S,10900.0,25.18,251800.0,XIU,39.0,,,,,,,,,,,,,,
2020-01-30 09:38:11.293000000,Add Order,1580395091293000000,A,3048959,S,9500.0,25.18,251800.0,XIU,39.0,,,,,,,,,,,,,,
2020-01-30 09:38:12.621000000,Add Order,1580395092621000000,A,3056072,B,1400.0,25.17,251700.0,XIU,39.0,,,,,,,,,,,,,,
2020-01-30 09:38:13.893000000,Add Order,1580395093893000000,A,3062457,B,600.0,25.15,251500.0,XIU,39.0,,,,,,,,,,,,,,
2020-01-30 09:38:14.267000000,Add Order,1580395094267000000,A,3065069,B,1700.0,25.17,251700.0,XIU,39.0,,,,,,,,,,,,,,
2020-01-30 09:38:14.409000000,Add Order,1580395094409000000,A,3066386,B,700.0,25.16,251600.0,XIU,39.0,,,,,,,,,,,,,,
2020-01-30 09:38:17.196000000,Add Order,1580395097196000000,A,3086195,S,1700.0,25.18,251800.0,XIU,39.0,,,,,,,,,,,,,,
2020-01-30 09:38:17.323000000,Add Order,1580395097323000000,A,3087051,B,600.0,25.15,251500.0,XIU,39.0,,,,,,,,,,,,,,
2020-01-30 09:38:17.340000000,Add Order,1580395097340000000,A,3087233,S,10000.0,25.18,251800.0,XIU,39.0,,,,,,,,,,,,,,
2020-01-30 09:38:17.718000000,Add Order,1580395097718000000,A,3090261,S,9000.0,25.18,251800.0,XIU,39.0,,,,,,,,,,,,,,
2020-01-30 09:38:19.200000000,Add Order,1580395099200000000,A,3096473,S,8500.0,25.18,251800.0,XIU,39.0,,,,,,,,,,,,,,
2020-01-30 09:38:19.867000000,Add Order,1580395099867000000,A,3103199,S,1200.0,25.18,251800.0,XIU,39.0,,,,,,,,,,,,,,
2020-01-30 09:38:27.837000000,Add Order,1580395107837000000,A,3143637,S,1400.0,25.18,251800.0,XIU,39.0,,,,,,,,,,,,,,
2020-01-30 09:38:28.603000000,Add Order,1580395108603000000,A,3147087,S,1600.0,25.18,251800.0,XIU,39.0,,,,,,,,,,,,,,
2020-01-30 09:38:36.597000000,Add Order,1580395116597000000,A,3184801,S,2700.0,25.18,251800.0,XIU,39.0,,,,,,,,,,,,,,
2020-01-30 09:38:36.605000000,Add Order,1580395116605000000,A,3184837,S,2700.0,25.17,251700.0,XIU,39.0,,,,,,,,,,,,,,
2020-01-30 09:38:36.605000000,Add Order,1580395116605000000,A,3184801,S,2700.0,25.17,251700.0,XIU,39.0,,,,,,,,,,,,,,
2020-01-30 09:38:36.606000000,Add Order,1580395116606000000,A,3184849,S,500.0,25.18,251800.0,XIU,39.0,,,,,,,,,,,,,,
2020-01-30 09:38:38.371000000,Add Order,1580395118371000000,A,3194963,B,9200.0,25.16,251600.0,XIU,39.0,,,,,,,,,,,,,,
2020-01-30 09:38:38.386000000,Add Order,1580395118386000000,A,3195555,B,3300.0,25.17,251700.0,XIU,39.0,,,,,,,,,,,,,,
2020-01-30 09:38:38.893000000,Add Order,1580395118893000000,A,3199084,S,600.0,25.19,251900.0,XIU,39.0,,,,,,,,,,,,,,
2020-01-30 09:38:38.894000000,Add Order,1580395118894000000,A,3199091,S,8500.0,25.18,251800.0,XIU,39.0,,,,,,,,,,,,,,
2020-01-30 09:38:39.366000000,Add Order,1580395119366000000,A,3201793,B,700.0,25.16,251600.0,XIU,39.0,,,,,,,,,,,,,,
2020-01-30 09:38:43.293000000,Add Order,1580395123293000000,A,3221132,B,500.0,25.15,251500.0,XIU,39.0,,,,,,,,,,,,,,
2020-01-30 09:38:43.632000000,Add Order,1580395123632000000,A,3222638,S,3200.0,25.18,251800.0,XIU,39.0,,,,,,,,,,,,,,
2020-01-30 09:38:44.000000000,Add Order,1580395124000000000,A,3224752,S,3200.0,25.17,251700.0,XIU,39.0,,,,,,,,,,,,,,
2020-01-30 09:38:44.000000000,Add Order,1580395124000000000,A,3222638,S,1500.0,25.17,251700.0,XIU,39.0,,,,,,,,,,,,,,
2020-01-30 09:38:44.001000000,Add Order,1580395124001000000,A,3224759,B,10200.0,25.16,251600.0,XIU,39.0,,,,,,,,,,,,,,
2020-01-30 09:38:44.325000000,Add Order,1580395124325000000,A,3225792,S,600.0,25.18,251800.0,XIU,39.0,,,,,,,,,,,,,,
2020-01-30 09:38:47.975000000,Add Order,1580395127975000000,A,3240218,B,11200.0,25.16,251600.0,XIU,39.0,,,,,,,,,,,,,,
2020-01-30 09:38:48.106000000,Add Order,1580395128106000000,A,3240882,S,500.0,25.19,251900.0,XIU,39.0,,,,,,,,,,,,,,
2020-01-30 09:38:48.106000000,Add Order,1580395128106000000,A,3240883,S,9900.0,25.18,251800.0,XIU,39.0,,,,,,,,,,,,,,
2020-01-30 09:38:50.213000000,Add Order,1580395130213000000,A,3248690,S,500.0,25.18,251800.0,XIU,39.0,,,,,,,,,,,,,,
2020-01-30 09:38:51.128000000,Add Order,1580395131128000000,A,3252557,S,500.0,25.19,251900.0,XIU,39.0,,,,,,,,,,,,,,
2020-01-30 09:38:51.719000000,Add Order,1580395131719000000,A,3255963,S,10100.0,25.18,251800.0,XIU,39.0,,,,,,,,,,,,,,
2020-01-30 09:38:52.759000000,Add Order,1580395132759000000,A,3264902,B,700.0,25.16,251600.0,XIU,39.0,,,,,,,,,,,,,,
2020-01-30 09:38:54.639000000,Add Order,1580395134639000000,A,3275370,S,10500.0,25.18,251800.0,XIU,39.0,,,,,,,,,,,,,,
2020-01-30 09:38:54.704000000,Add Order,1580395134704000000,A,3275739,B,600.0,25.15,251500.0,XIU,39.0,,,,,,,,,,,,,,
2020-01-30 09:38:55.292000000,Add Order,1580395135292000000,A,3279252,S,3100.0,25.18,251800.0,XIU,39.0,,,,,,,,,,,,,,
2020-01-30 09:38:58.125000000,Add Order,1580395138125000000,A,3291266,S,600.0,25.18,251800.0,XIU,39.0,,,,,,,,,,,,,,
2020-01-30 09:38:58.462000000,Add Order,1580395138462000000,A,3292916,B,10600.0,25.16,251600.0,XIU,39.0,,,,,,,,,,,,,,
2020-01-30 09:38:58.956000000,Add Order,1580395138956000000,A,3294551,S,700.0,25.19,251900.0,XIU,39.0,,,,,,,,,,,,,,
2020-01-30 09:38:59.144000000,Add Order,1580395139144000000,A,3295747,B,700.0,25.16,251600.0,XIU,39.0,,,,,,,,,,,,,,
2020-01-30 09:39:02.566000000,Add Order,1580395142566000000,A,3314700,S,1100.0,25.17,251700.0,XIU,39.0,,,,,,,,,,,,,,
2020-01-30 09:39:04.063000000,Add Order,1580395144063000000,A,3323931,B,500.0,25.15,251500.0,XIU,39.0,,,,,,,,,,,,,,
2020-01-30 09:39:04.066000000,Add Order,1580395144066000000,A,3323972,B,9500.0,25.16,251600.0,XIU,39.0,,,,,,,,,,,,,,
2020-01-30 09:39:04.690000000,Add Order,1580395144690000000,A,3328078,S,1200.0,25.17,251700.0,XIU,39.0,,,,,,,,,,,,,,
2020-01-30 09:39:04.846000000,Add Order,1580395144846000000,A,3329823,B,11300.0,25.16,251600.0,XIU,39.0,,,,,,,,,,,,,,
2020-01-30 09:39:08.965000000,Add Order,1580395148965000000,A,3352431,B,600.0,25.16,251600.0,XIU,39.0,,,,,,,,,,,,,,
2020-01-30 09:39:09.166000000,Add Order,1580395149166000000,A,3353254,B,10500.0,25.16,251600.0,XIU,39.0,,,,,,,,,,,,,,
2020-01-30 09:39:09.609000000,Add Order,1580395149609000000,A,3355569,B,500.0,25.15,251500.0,XIU,39.0,,,,,,,,,,,,,,
2020-01-30 09:39:11.995000000,Add Order,1580395151995000000,A,3371482,B,700.0,25.16,251600.0,XIU,39.0,,,,,,,,,,,,,,
2020-01-30 09:39:19.470000000,Add Order,1580395159470000000,A,3409171,B,1500.0,25.17,251700.0,XIU,39.0,,,,,,,,,,,,,,
2020-01-30 09:39:24.342000000,Add Order,1580395164342000000,A,3431721,B,10400.0,25.17,251700.0,XIU,39.0,,,,,,,,,,,,,,
2020-01-30 09:39:27.265000000,Add Order,1580395167265000000,A,3444706,S,600.0,25.2,252000.0,XIU,39.0,,,,,,,,,,,,,,
2020-01-30 09:39:30.271000000,Add Order,1580395170271000000,A,3459913,S,1800.0,25.18,251800.0,XIU,39.0,,,,,,,,,,,,,,
2020-01-30 09:39:31.339000000,Add Order,1580395171339000000,A,3463200,B,1800.0,25.17,251700.0,XIU,39.0,,,,,,,,,,,,,,
2020-01-30 09:39:33.231000000,Add Order,1580395173231000000,A,3473162,S,600.0,25.19,251900.0,XIU,39.0,,,,,,,,,,,,,,
2020-01-30 09:39:42.876000000,Add Order,1580395182876000000,A,3519926,S,1200.0,25.18,251800.0,XIU,39.0,,,,,,,,,,,,,,
2020-01-30 09:39:49.092000000,Add Order,1580395189092000000,A,3548808,S,10400.0,25.18,251800.0,XIU,39.0,,,,,,,,,,,,,,
2020-01-30 09:39:50.092000000,Add Order,1580395190092000000,A,3553969,B,700.0,25.15,251500.0,XIU,39.0,,,,,,,,,,,,,,
2020-01-30 09:39:50.092000000,Add Order,1580395190092000000,A,3553980,B,11100.0,25.16,251600.0,XIU,39.0,,,,,,,,,,,,,,
2020-01-30 09:39:52.238000000,Add Order,1580395192238000000,A,3562233,B,3200.0,25.17,251700.0,XIU,39.0,,,,,,,,,,,,,,
2020-01-30 09:39:52.733000000,Add Order,1580395192733000000,A,3565005,B,500.0,25.16,251600.0,XIU,39.0,,,,,,,,,,,,,,
2020-01-30 09:39:57.349000000,Add Order,1580395197349000000,A,3588047,B,500.0,25.15,251500.0,XIU,39.0,,,,,,,,,,,,,,
2020-01-30 09:39:57.850000000,Add Order,1580395197850000000,A,3591159,B,500.0,25.16,251600.0,XIU,39.0,,,,,,,,,,,,,,
2020-01-30 09:40:00.037000000,Add Order,1580395200037000000,A,3602762,S,10600.0,25.18,251800.0,XIU,39.0,,,,,,,,,,,,,,
2020-01-30 09:40:00.643000000,Add Order,1580395200643000000,A,3609925,B,500.0,25.15,251500.0,XIU,39.0,,,,,,,,,,,,,,
2020-01-30 09:40:01.630000000,Add Order,1580395201630000000,A,3618555,B,700.0,25.16,251600.0,XIU,39.0,,,,,,,,,,,,,,
2020-01-30 09:40:02.175000000,Add Order,1580395202175000000,A,3622015,B,1900.0,25.17,251700.0,XIU,39.0,,,,,,,,,,,,,,
2020-01-30 09:40:04.271000000,Add Order,1580395204271000000,A,3634892,S,1700.0,25.18,251800.0,XIU,39.0,,,,,,,,,,,,,,
2020-01-30 09:40:05.661000000,Add Order,1580395205661000000,A,3645329,S,1300.0,25.18,251800.0,XIU,39.0,,,,,,,,,,,,,,
2020-01-30 09:40:06.296000000,Add Order,1580395206296000000,A,3649599,S,1500.0,25.18,251800.0,XIU,39.0,,,,,,,,,,,,,,
2020-01-30 09:40:12.112000000,Add Order,1580395212112000000,A,3682191,S,11200.0,25.18,251800.0,XIU,39.0,,,,,,,,,,,,,,
2020-01-30 09:40:13.651000000,Add Order,1580395213651000000,A,3689869,B,3000.0,25.16,251600.0,XIU,39.0,,,,,,,,,,,,,,
2020-01-30 09:40:13.661000000,Add Order,1580395213661000000,A,3690184,S,9700.0,25.18,251800.0,XIU,39.0,,,,,,,,,,,,,,
2020-01-30 09:40:17.233000000,Add Order,1580395217233000000,A,3708504,S,10000.0,25.18,251800.0,XIU,39.0,,,,,,,,,,,,,,
2020-01-30 09:40:17.886000000,Add Order,1580395217886000000,A,3712963,B,700.0,25.15,251500.0,XIU,39.0,,,,,,,,,,,,,,
2020-01-30 09:40:17.887000000,Add Order,1580395217887000000,A,3712975,B,8900.0,25.16,251600.0,XIU,39.0,,,,,,,,,,,,,,
2020-01-30 09:40:20.724000000,Add Order,1580395220724000000,A,3728725,S,1200.0,25.17,251700.0,XIU,39.0,,,,,,,,,,,,,,
2020-01-30 09:40:20.767000000,Add Order,1580395220767000000,A,3729380,S,700.0,25.18,251800.0,XIU,39.0,,,,,,,,,,,,,,
2020-01-30 09:40:22.705000000,Add Order,1580395222705000000,A,3740259,S,600.0,25.19,251900.0,XIU,39.0,,,,,,,,,,,,,,
2020-01-30 09:40:23.174000000,Add Order,1580395223174000000,A,3743218,B,9700.0,25.16,251600.0,XIU,39.0,,,,,,,,,,,,,,
2020-01-30 09:40:23.387000000,Add Order,1580395223387000000,A,3743979,S,700.0,25.18,251800.0,XIU,39.0,,,,,,,,,,,,,,
2020-01-30 09:40:24.526000000,Add Order,1580395224526000000,A,3748433,B,1300.0,25.16,251600.0,XIU,39.0,,,,,,,,,,,,,,
2020-01-30 09:40:26.706000000,Add Order,1580395226706000000,A,3761392,S,1400.0,25.17,251700.0,XIU,39.0,,,,,,,,,,,,,,
2020-01-30 09:40:37.614000000,Add Order,1580395237614000000,A,3819801,B,1200.0,25.16,251600.0,XIU,39.0,,,,,,,,,,,,,,
2020-01-30 09:40:38.473000000,Add Order,1580395238473000000,A,3823404,B,1200.0,25.16,251600.0,XIU,39.0,,,,,,,,,,,,,,
2020-01-30 09:40:38.675000000,Add Order,1580395238675000000,A,3825716,B,8800.0,25.16,251600.0,XIU,39.0,,,,,,,,,,,,,,
2020-01-30 09:40:48.907000000,Add Order,1580395248907000000,A,3869394,S,1300.0,25.17,251700.0,XIU,39.0,,,,,,,,,,,,,,
2020-01-30 09:40:51.112000000,Add Order,1580395251112000000,A,3883480,B,500.0,25.14,251400.0,XIU,39.0,,,,,,,,,,,,,,
2020-01-30 09:40:51.112000000,Add Order,1580395251112000000,A,3883481,S,8500.0,25.17,251700.0,XIU,39.0,,,,,,,,,,,,,,
2020-01-30 09:40:51.112000000,Add Order,1580395251112000000,A,3883482,S,3100.0,25.16,251600.0,XIU,39.0,,,,,,,,,,,,,,
2020-01-30 09:40:51.113000000,Add Order,1580395251113000000,A,3883509,S,1400.0,25.16,251600.0,XIU,39.0,,,,,,,,,,,,,,
2020-01-30 09:40:51.143000000,Add Order,1580395251143000000,A,3883984,S,500.0,25.17,251700.0,XIU,39.0,,,,,,,,,,,,,,
2020-01-30 09:40:51.718000000,Add Order,1580395251718000000,A,3889555,S,1400.0,25.16,251600.0,XIU,39.0,,,,,,,,,,,,,,
2020-01-30 09:40:52.539000000,Add Order,1580395252539000000,A,3893765,S,1900.0,25.16,251600.0,XIU,39.0,,,,,,,,,,,,,,
2020-01-30 09:40:52.908000000,Add Order,1580395252908000000,A,3896634,B,1800.0,25.1,251000.0,XIU,39.0,,,,,,,,,,,,,,
2020-01-30 09:40:54.610000000,Add Order,1580395254610000000,A,3908056,B,1200.0,25.15,251500.0,XIU,39.0,,,,,,,,,,,,,,
2020-01-30 09:40:57.712000000,Add Order,1580395257712000000,A,3927424,B,1700.0,25.16,251600.0,XIU,39.0,,,,,,,,,,,,,,
2020-01-30 09:40:57.735000000,Add Order,1580395257735000000,A,3927749,S,600.0,25.18,251800.0,XIU,39.0,,,,,,,,,,,,,,
2020-01-30 09:40:57.736000000,Add Order,1580395257736000000,A,3927754,S,10400.0,25.17,251700.0,XIU,39.0,,,,,,,,,,,,,,
2020-01-30 09:40:58.292000000,Add Order,1580395258292000000,A,3930252,B,700.0,25.15,251500.0,XIU,39.0,,,,,,,,,,,,,,
2020-01-30 09:41:01.390000000,Add Order,1580395261390000000,A,3949451,B,600.0,25.14,251400.0,XIU,39.0,,,,,,,,,,,,,,
2020-01-30 09:41:01.391000000,Add Order,1580395261391000000,A,3949454,B,11200.0,25.15,251500.0,XIU,39.0,,,,,,,,,,,,,,
2020-01-30 09:41:01.938000000,Add Order,1580395261938000000,A,3953361,S,9300.0,25.17,251700.0,XIU,39.0,,,,,,,,,,,,,,
2020-01-30 09:41:02.888000000,Add Order,1580395262888000000,A,3958770,B,600.0,25.15,251500.0,XIU,39.0,,,,,,,,,,,,,,
2020-01-30 09:41:03.940000000,Add Order,1580395263940000000,A,3965752,B,700.0,25.14,251400.0,XIU,39.0,,,,,,,,,,,,,,
2020-01-30 09:41:03.941000000,Add Order,1580395263941000000,A,3965754,B,9700.0,25.15,251500.0,XIU,39.0,,,,,,,,,,,,,,
2020-01-30 09:41:05.496000000,Add Order,1580395265496000000,A,3973901,S,11500.0,25.17,251700.0,XIU,39.0,,,,,,,,,,,,,,
2020-01-30 09:41:06.166000000,Add Order,1580395266166000000,A,3977382,B,700.0,25.15,251500.0,XIU,39.0,,,,,,,,,,,,,,
2020-01-30 09:41:07.318000000,Add Order,1580395267318000000,A,3983092,B,700.0,25.14,251400.0,XIU,39.0,,,,,,,,,,,,,,
2020-01-30 09:41:07.318000000,Add Order,1580395267318000000,A,3983098,B,8700.0,25.15,251500.0,XIU,39.0,,,,,,,,,,,,,,
2020-01-30 09:41:08.174000000,Add Order,1580395268174000000,A,3987244,S,500.0,25.17,251700.0,XIU,39.0,,,,,,,,,,,,,,
2020-01-30 09:41:09.391000000,Add Order,1580395269391000000,A,3997537,B,9700.0,25.15,251500.0,XIU,39.0,,,,,,,,,,,,,,
2020-01-30 09:41:13.752000000,Add Order,1580395273752000000,A,4019458,S,500.0,25.18,251800.0,XIU,39.0,,,,,,,,,,,,,,
2020-01-30 09:41:15.993000000,Add Order,1580395275993000000,A,4031194,S,500.0,25.17,251700.0,XIU,39.0,,,,,,,,,,,,,,
2020-01-30 09:41:16.620000000,Add Order,1580395276620000000,A,4036802,S,500.0,25.18,251800.0,XIU,39.0,,,,,,,,,,,,,,
2020-01-30 09:41:16.903000000,Add Order,1580395276903000000,A,4038463,B,2800.0,25.15,251500.0,XIU,39.0,,,,,,,,,,,,,,
2020-01-30 09:41:17.012000000,Add Order,1580395277012000000,A,4040485,B,2800.0,25.16,251600.0,XIU,39.0,,,,,,,,,,,,,,
2020-01-30 09:41:17.012000000,Add Order,1580395277012000000,A,4038463,B,2800.0,25.16,251600.0,XIU,39.0,,,,,,,,,,,,,,
2020-01-30 09:41:17.023000000,Add Order,1580395277023000000,A,4040583,S,9300.0,25.17,251700.0,XIU,39.0,,,,,,,,,,,,,,
2020-01-30 09:41:17.067000000,Add Order,1580395277067000000,A,4041939,B,500.0,25.15,251500.0,XIU,39.0,,,,,,,,,,,,,,
2020-01-30 09:41:18.936000000,Add Order,1580395278936000000,A,4055849,B,2900.0,25.15,251500.0,XIU,39.0,,,,,,,,,,,,,,
2020-01-30 09:41:20.472000000,Add Order,1580395280472000000,A,4064805,B,1300.0,25.16,251600.0,XIU,39.0,,,,,,,,,,,,,,
2020-01-30 09:41:22.648000000,Add Order,1580395282648000000,A,4082132,B,3000.0,25.16,251600.0,XIU,39.0,,,,,,,,,,,,,,
2020-01-30 09:41:23.243000000,Add Order,1580395283243000000,A,4088101,B,3200.0,25.16,251600.0,XIU,39.0,,,,,,,,,,,,,,
2020-01-30 09:41:24.698000000,Add Order,1580395284698000000,A,4099127,S,700.0,25.19,251900.0,XIU,39.0,,,,,,,,,,,,,,
2020-01-30 09:41:25.688000000,Add Order,1580395285688000000,A,4105124,S,500.0,25.18,251800.0,XIU,39.0,,,,,,,,,,,,,,
2020-01-30 09:41:26.996000000,Add Order,1580395286996000000,A,4114691,S,1200.0,25.16,251600.0,XIU,39.0,,,,,,,,,,,,,,
2020-01-30 09:41:26.999000000,Add Order,1580395286999000000,A,4114867,B,500.0,25.14,251400.0,XIU,39.0,,,,,,,,,,,,,,
2020-01-30 09:41:27.003000000,Add Order,1580395287003000000,A,4114920,B,8700.0,25.15,251500.0,XIU,39.0,,,,,,,,,,,,,,
2020-01-30 09:41:28.074000000,Add Order,1580395288074000000,A,4126086,S,600.0,25.17,251700.0,XIU,39.0,,,,,,,,,,,,,,
2020-01-30 09:41:28.211000000,Add Order,1580395288211000000,A,4127117,S,1500.0,25.16,251600.0,XIU,39.0,,,,,,,,,,,,,,
2020-01-30 09:41:28.484000000,Add Order,1580395288484000000,A,4129395,B,9600.0,25.15,251500.0,XIU,39.0,,,,,,,,,,,,,,
2020-01-30 09:41:29.516000000,Add Order,1580395289516000000,A,4135687,S,500.0,25.18,251800.0,XIU,39.0,,,,,,,,,,,,,,
2020-01-30 09:41:36.893000000,Add Order,1580395296893000000,A,4171569,S,1800.0,25.16,251600.0,XIU,39.0,,,,,,,,,,,,,,
2020-01-30 09:41:38.670000000,Add Order,1580395298670000000,A,4178789,S,1900.0,25.16,251600.0,XIU,39.0,,,,,,,,,,,,,,
2020-01-30 09:41:39.308000000,Add Order,1580395299308000000,A,4184955,B,10200.0,25.15,251500.0,XIU,39.0,,,,,,,,,,,,,,
2020-01-30 09:41:39.670000000,Add Order,1580395299670000000,A,4186815,S,600.0,25.17,251700.0,XIU,39.0,,,,,,,,,,,,,,
2020-01-30 09:41:40.892000000,Add Order,1580395300892000000,A,4190981,B,11200.0,25.15,251500.0,XIU,39.0,,,,,,,,,,,,,,
2020-01-30 09:41:46.129000000,Add Order,1580395306129000000,A,4217397,B,3000.0,25.14,251400.0,XIU,39.0,,,,,,,,,,,,,,
2020-01-30 09:41:50.715000000,Add Order,1580395310715000000,A,4238407,B,3000.0,25.14,251400.0,XIU,39.0,,,,,,,,,,,,,,
2020-01-30 09:41:50.740000000,Add Order,1580395310740000000,A,4239271,B,3000.0,25.15,251500.0,XIU,39.0,,,,,,,,,,,,,,
2020-01-30 09:41:50.740000000,Add Order,1580395310740000000,A,4238407,B,3000.0,25.14,251400.0,XIU,39.0,,,,,,,,,,,,,,
2020-01-30 09:41:50.740000000,Add Order,1580395310740000000,A,4238407,B,3000.0,25.15,251500.0,XIU,39.0,,,,,,,,,,,,,,
2020-01-30 09:41:54.025000000,Add Order,1580395314025000000,A,4259289,B,1800.0,25.15,251500.0,XIU,39.0,,,,,,,,,,,,,,
2020-01-30 09:41:56.573000000,Add Order,1580395316573000000,A,4270203,B,8800.0,25.15,251500.0,XIU,39.0,,,,,,,,,,,,,,
2020-01-30 09:41:58.297000000,Add Order,1580395318297000000,A,4282382,B,2900.0,25.14,251400.0,XIU,39.0,,,,,,,,,,,,,,
2020-01-30 09:41:58.371000000,Add Order,1580395318371000000,A,4283416,B,2900.0,25.15,251500.0,XIU,39.0,,,,,,,,,,,,,,
2020-01-30 09:41:58.371000000,Add Order,1580395318371000000,A,4282382,B,2900.0,25.15,251500.0,XIU,39.0,,,,,,,,,,,,,,
2020-01-30 09:41:59.002000000,Add Order,1580395319002000000,A,4289627,B,10000.0,25.15,251500.0,XIU,39.0,,,,,,,,,,,,,,
2020-01-30 09:41:59.992000000,Add Order,1580395319992000000,A,4294873,S,700.0,25.18,251800.0,XIU,39.0,,,,,,,,,,,,,,
2020-01-30 09:42:02.127000000,Add Order,1580395322127000000,A,4311215,S,9100.0,25.17,251700.0,XIU,39.0,,,,,,,,,,,,,,
2020-01-30 09:42:02.128000000,Add Order,1580395322128000000,A,4311219,B,500.0,25.15,251500.0,XIU,39.0,,,,,,,,,,,,,,
2020-01-30 09:42:07.883000000,Add Order,1580395327883000000,A,4343397,S,1600.0,25.16,251600.0,XIU,39.0,,,,,,,,,,,,,,
2020-01-30 09:42:09.956000000,Add Order,1580395329956000000,A,4355129,S,9800.0,25.17,251700.0,XIU,39.0,,,,,,,,,,,,,,
2020-01-30 09:42:09.957000000,Add Order,1580395329957000000,A,4355135,B,500.0,25.14,251400.0,XIU,39.0,,,,,,,,,,,,,,
2020-01-30 09:42:09.966000000,Add Order,1580395329966000000,A,4355227,B,9000.0,25.15,251500.0,XIU,39.0,,,,,,,,,,,,,,
2020-01-30 09:42:10.682000000,Add Order,1580395330682000000,A,4360166,S,600.0,25.17,251700.0,XIU,39.0,,,,,,,,,,,,,,
2020-01-30 09:42:12.590000000,Add Order,1580395332590000000,A,4371673,S,700.0,25.18,251800.0,XIU,39.0,,,,,,,,,,,,,,
2020-01-30 09:42:13.216000000,Add Order,1580395333216000000,A,4374745,S,8800.0,25.17,251700.0,XIU,39.0,,,,,,,,,,,,,,
2020-01-30 09:42:13.918000000,Add Order,1580395333918000000,A,4379836,B,700.0,25.15,251500.0,XIU,39.0,,,,,,,,,,,,,,
2020-01-30 09:42:14.179000000,Add Order,1580395334179000000,A,4381840,S,9200.0,25.17,251700.0,XIU,39.0,,,,,,,,,,,,,,
2020-01-30 09:42:14.644000000,Add Order,1580395334644000000,A,4385301,B,700.0,25.15,251500.0,XIU,39.0,,,,,,,,,,,,,,
2020-01-30 09:42:15.879000000,Add Order,1580395335879000000,A,4391306,B,500.0,25.14,251400.0,XIU,39.0,,,,,,,,,,,,,,
2020-01-30 09:42:15.879000000,Add Order,1580395335879000000,A,4391307,S,700.0,25.17,251700.0,XIU,39.0,,,,,,,,,,,,,,
2020-01-30 09:42:15.879000000,Add Order,1580395335879000000,A,4391308,B,9500.0,25.15,251500.0,XIU,39.0,,,,,,,,,,,,,,
2020-01-30 09:42:16.470000000,Add Order,1580395336470000000,A,4395927,S,600.0,25.18,251800.0,XIU,39.0,,,,,,,,,,,,,,
2020-01-30 09:42:20.049000000,Add Order,1580395340049000000,A,4416583,B,2800.0,25.15,251500.0,XIU,39.0,,,,,,,,,,,,,,
2020-01-30 09:42:20.068000000,Add Order,1580395340068000000,A,4418067,B,2800.0,25.16,251600.0,XIU,39.0,,,,,,,,,,,,,,
2020-01-30 09:42:20.068000000,Add Order,1580395340068000000,A,4416583,B,2800.0,25.16,251600.0,XIU,39.0,,,,,,,,,,,,,,
2020-01-30 09:42:20.125000000,Add Order,1580395340125000000,A,4419217,B,600.0,25.15,251500.0,XIU,39.0,,,,,,,,,,,,,,
2020-01-30 09:42:20.998000000,Add Order,1580395340998000000,A,4423835,S,2900.0,25.16,251600.0,XIU,39.0,,,,,,,,,,,,,,
2020-01-30 09:42:24.956000000,Add Order,1580395344956000000,A,4441921,B,700.0,25.14,251400.0,XIU,39.0,,,,,,,,,,,,,,
2020-01-30 09:42:24.956000000,Add Order,1580395344956000000,A,4441922,S,700.0,25.17,251700.0,XIU,39.0,,,,,,,,,,,,,,
2020-01-30 09:42:24.967000000,Add Order,1580395344967000000,A,4442072,B,10400.0,25.15,251500.0,XIU,39.0,,,,,,,,,,,,,,
2020-01-30 09:42:25.453000000,Add Order,1580395345453000000,A,4445124,S,700.0,25.18,251800.0,XIU,39.0,,,,,,,,,,,,,,
2020-01-30 09:42:25.978000000,Add Order,1580395345978000000,A,4446806,S,1300.0,25.16,251600.0,XIU,39.0,,,,,,,,,,,,,,
2020-01-30 09:42:25.979000000,Add Order,1580395345979000000,A,4446832,S,700.0,25.17,251700.0,XIU,39.0,,,,,,,,,,,,,,
2020-01-30 09:42:26.245000000,Add Order,1580395346245000000,A,4448575,B,8900.0,25.15,251500.0,XIU,39.0,,,,,,,,,,,,,,
2020-01-30 09:42:28.593000000,Add Order,1580395348593000000,A,4459812,S,8500.0,25.16,251600.0,XIU,39.0,,,,,,,,,,,,,,
2020-01-30 09:42:28.604000000,Add Order,1580395348604000000,A,4459948,B,600.0,25.13,251300.0,XIU,39.0,,,,,,,,,,,,,,
2020-01-30 09:42:28.851000000,Add Order,1580395348851000000,A,4461755,B,10300.0,25.14,251400.0,XIU,39.0,,,,,,,,,,,,,,
2020-01-30 09:42:29.804000000,Add Order,1580395349804000000,A,4467689,S,600.0,25.16,251600.0,XIU,39.0,,,,,,,,,,,,,,
2020-01-30 09:42:30.303000000,Add Order,1580395350303000000,A,4471249,S,600.0,25.16,251600.0,XIU,39.0,,,,,,,,,,,,,,
2020-01-30 09:42:31.302000000,Add Order,1580395351302000000,A,4480284,S,700.0,25.17,251700.0,XIU,39.0,,,,,,,,,,,,,,
2020-01-30 09:42:31.307000000,Add Order,1580395351307000000,A,4480377,S,9900.0,25.16,251600.0,XIU,39.0,,,,,,,,,,,,,,
2020-01-30 09:42:31.887000000,Add Order,1580395351887000000,A,4483660,B,700.0,25.14,251400.0,XIU,39.0,,,,,,,,,,,,,,
2020-01-30 09:42:36.009000000,Add Order,1580395356009000000,A,4507135,B,3000.0,25.14,251400.0,XIU,39.0,,,,,,,,,,,,,,
2020-01-30 09:42:36.333000000,Add Order,1580395356333000000,A,4508767,B,3000.0,25.15,251500.0,XIU,39.0,,,,,,,,,,,,,,
2020-01-30 09:42:36.334000000,Add Order,1580395356334000000,A,4508773,B,1700.0,25.15,251500.0,XIU,39.0,,,,,,,,,,,,,,
2020-01-30 09:42:37.651000000,Add Order,1580395357651000000,A,4516138,B,700.0,25.13,251300.0,XIU,39.0,,,,,,,,,,,,,,
2020-01-30 09:42:37.658000000,Add Order,1580395357658000000,A,4516272,S,700.0,25.16,251600.0,XIU,39.0,,,,,,,,,,,,,,
2020-01-30 09:42:39.979000000,Add Order,1580395359979000000,A,4528715,S,1400.0,25.15,251500.0,XIU,39.0,,,,,,,,,,,,,,
2020-01-30 09:42:40.375000000,Add Order,1580395360375000000,A,4531336,B,10000.0,25.14,251400.0,XIU,39.0,,,,,,,,,,,,,,
2020-01-30 09:42:41.629000000,Add Order,1580395361629000000,A,4538591,S,600.0,25.17,251700.0,XIU,39.0,,,,,,,,,,,,,,
2020-01-30 09:42:42.317000000,Add Order,1580395362317000000,A,4544594,B,500.0,25.14,251400.0,XIU,39.0,,,,,,,,,,,,,,
2020-01-30 09:42:42.561000000,Add Order,1580395362561000000,A,4546111,S,10600.0,25.16,251600.0,XIU,39.0,,,,,,,,,,,,,,
2020-01-30 09:42:46.165000000,Add Order,1580395366165000000,A,4566518,S,9100.0,25.16,251600.0,XIU,39.0,,,,,,,,,,,,,,
2020-01-30 09:42:47.576000000,Add Order,1580395367576000000,A,4575666,B,600.0,25.13,251300.0,XIU,39.0,,,,,,,,,,,,,,
2020-01-30 09:42:47.577000000,Add Order,1580395367577000000,A,4575699,B,8700.0,25.14,251400.0,XIU,39.0,,,,,,,,,,,,,,
2020-01-30 09:42:48.272000000,Add Order,1580395368272000000,A,4580489,S,700.0,25.16,251600.0,XIU,39.0,,,,,,,,,,,,,,
2020-01-30 09:42:49.051000000,Add Order,1580395369051000000,A,4584499,S,1700.0,25.15,251500.0,XIU,39.0,,,,,,,,,,,,,,
2020-01-30 09:42:50.089000000,Add Order,1580395370089000000,A,4591346,S,1700.0,25.15,251500.0,XIU,39.0,,,,,,,,,,,,,,
2020-01-30 09:42:51.584000000,Add Order,1580395371584000000,A,4600252,B,11500.0,25.14,251400.0,XIU,39.0,,,,,,,,,,,,,,
2020-01-30 09:42:52.898000000,Add Order,1580395372898000000,A,4612179,B,1200.0,25.09,250900.0,XIU,39.0,,,,,,,,,,,,,,
2020-01-30 09:42:53.680000000,Add Order,1580395373680000000,A,4616355,S,1900.0,25.15,251500.0,XIU,39.0,,,,,,,,,,,,,,
2020-01-30 09:43:03.945000000,Add Order,1580395383945000000,A,4673440,B,1800.0,25.14,251400.0,XIU,39.0,,,,,,,,,,,,,,
2020-01-30 09:43:04.055000000,Add Order,1580395384055000000,A,4674200,B,10800.0,25.14,251400.0,XIU,39.0,,,,,,,,,,,,,,
2020-01-30 09:43:04.507000000,Add Order,1580395384507000000,A,4678174,S,700.0,25.17,251700.0,XIU,39.0,,,,,,,,,,,,,,
2020-01-30 09:43:05.066000000,Add Order,1580395385066000000,A,4681851,S,500.0,25.16,251600.0,XIU,39.0,,,,,,,,,,,,,,
2020-01-30 09:43:05.578000000,Add Order,1580395385578000000,A,4685567,S,600.0,25.17,251700.0,XIU,39.0,,,,,,,,,,,,,,
2020-01-30 09:43:07.415000000,Add Order,1580395387415000000,A,4694060,S,11500.0,25.16,251600.0,XIU,39.0,,,,,,,,,,,,,,
2020-01-30 09:43:12.180000000,Add Order,1580395392180000000,A,4717803,S,8800.0,25.16,251600.0,XIU,39.0,,,,,,,,,,,,,,
2020-01-30 09:43:14.695000000,Add Order,1580395394695000000,A,4729392,S,500.0,25.16,251600.0,XIU,39.0,,,,,,,,,,,,,,
2020-01-30 09:43:18.268000000,Add Order,1580395398268000000,A,4744641,S,700.0,25.17,251700.0,XIU,39.0,,,,,,,,,,,,,,
2020-01-30 09:43:23.249000000,Add Order,1580395403249000000,A,4772858,S,10900.0,25.16,251600.0,XIU,39.0,,,,,,,,,,,,,,
2020-01-30 09:43:23.725000000,Add Order,1580395403725000000,A,4777288,B,700.0,25.14,251400.0,XIU,39.0,,,,,,,,,,,,,,
2020-01-30 09:43:25.777000000,Add Order,1580395405777000000,A,4791730,B,1600.0,25.15,251500.0,XIU,39.0,,,,,,,,,,,,,,
2020-01-30 09:43:28.678000000,Add Order,1580395408678000000,A,4807810,B,2700.0,25.14,251400.0,XIU,39.0,,,,,,,,,,,,,,
2020-01-30 09:43:28.679000000,Add Order,1580395408679000000,A,4807810,B,2700.0,25.15,251500.0,XIU,39.0,,,,,,,,,,,,,,
2020-01-30 09:43:34.704000000,Add Order,1580395414704000000,A,4851078,B,1800.0,25.15,251500.0,XIU,39.0,,,,,,,,,,,,,,
2020-01-30 09:43:38.218000000,Add Order,1580395418218000000,A,4870346,B,1600.0,25.15,251500.0,XIU,39.0,,,,,,,,,,,,,,
2020-01-30 09:43:38.797000000,Add Order,1580395418797000000,A,4873091,S,8600.0,25.16,251600.0,XIU,39.0,,,,,,,,,,,,,,
2020-01-30 09:43:51.766000000,Add Order,1580395431766000000,A,4938965,B,3000.0,25.14,251400.0,XIU,39.0,,,,,,,,,,,,,,
2020-01-30 09:43:53.772000000,Add Order,1580395433772000000,A,4950328,B,2800.0,25.14,251400.0,XIU,39.0,,,,,,,,,,,,,,
2020-01-30 09:43:54.265000000,Add Order,1580395434265000000,A,4953501,B,2800.0,25.15,251500.0,XIU,39.0,,,,,,,,,,,,,,
2020-01-30 09:43:54.265000000,Add Order,1580395434265000000,A,4950328,B,1100.0,25.15,251500.0,XIU,39.0,,,,,,,,,,,,,,
2020-01-30 09:43:56.340000000,Add Order,1580395436340000000,A,4963945,B,3200.0,25.14,251400.0,XIU,39.0,,,,,,,,,,,,,,
2020-01-30 09:43:56.341000000,Add Order,1580395436341000000,A,4963946,B,3200.0,25.14,251400.0,XIU,39.0,,,,,,,,,,,,,,
2020-01-30 09:43:56.359000000,Add Order,1580395436359000000,A,4963945,B,3200.0,25.15,251500.0,XIU,39.0,,,,,,,,,,,,,,
2020-01-30 09:44:00.379000000,Add Order,1580395440379000000,A,4985526,S,1700.0,25.15,251500.0,XIU,39.0,,,,,,,,,,,,,,
2020-01-30 09:44:00.381000000,Add Order,1580395440381000000,A,4985683,B,600.0,25.13,251300.0,XIU,39.0,,,,,,,,,,,,,,
2020-01-30 09:44:00.386000000,Add Order,1580395440386000000,A,4986060,B,9600.0,25.14,251400.0,XIU,39.0,,,,,,,,,,,,,,
2020-01-30 09:44:02.362000000,Add Order,1580395442362000000,A,5001682,S,700.0,25.16,251600.0,XIU,39.0,,,,,,,,,,,,,,
2020-01-30 09:44:05.479000000,Add Order,1580395445479000000,A,5022974,B,1500.0,25.14,251400.0,XIU,39.0,,,,,,,,,,,,,,
2020-01-30 09:44:08.257000000,Add Order,1580395448257000000,A,5038396,B,9300.0,25.14,251400.0,XIU,39.0,,,,,,,,,,,,,,
2020-01-30 09:44:08.747000000,Add Order,1580395448747000000,A,5040657,S,700.0,25.17,251700.0,XIU,39.0,,,,,,,,,,,,,,
2020-01-30 09:44:09.978000000,Add Order,1580395449978000000,A,5049313,S,10200.0,25.16,251600.0,XIU,39.0,,,,,,,,,,,,,,
2020-01-30 09:44:10.973000000,Add Order,1580395450973000000,A,5055196,B,2900.0,25.14,251400.0,XIU,39.0,,,,,,,,,,,,,,
2020-01-30 09:44:11.048000000,Add Order,1580395451048000000,A,5055196,B,2900.0,25.15,251500.0,XIU,39.0,,,,,,,,,,,,,,
2020-01-30 09:44:11.048000000,Add Order,1580395451048000000,A,5055609,B,2900.0,25.15,251500.0,XIU,39.0,,,,,,,,,,,,,,
2020-01-30 09:44:11.050000000,Add Order,1580395451050000000,A,5055619,B,600.0,25.14,251400.0,XIU,39.0,,,,,,,,,,,,,,
2020-01-30 09:44:21.379000000,Add Order,1580395461379000000,A,5102282,B,1400.0,25.15,251500.0,XIU,39.0,,,,,,,,,,,,,,
2020-01-30 09:44:22.050000000,Add Order,1580395462050000000,A,5105251,B,10200.0,25.15,251500.0,XIU,39.0,,,,,,,,,,,,,,
2020-01-30 09:44:29.899000000,Add Order,1580395469899000000,A,5142295,B,9900.0,25.14,251400.0,XIU,39.0,,,,,,,,,,,,,,
2020-01-30 09:44:29.899000000,Add Order,1580395469899000000,A,5142296,B,700.0,25.13,251300.0,XIU,39.0,,,,,,,,,,,,,,
2020-01-30 09:44:29.899000000,Add Order,1580395469899000000,A,5142297,S,700.0,25.17,251700.0,XIU,39.0,,,,,,,,,,,,,,
2020-01-30 09:44:30.174000000,Add Order,1580395470174000000,A,5143755,B,2900.0,25.14,251400.0,XIU,39.0,,,,,,,,,,,,,,
2020-01-30 09:44:30.486000000,Add Order,1580395470486000000,A,5144962,B,2900.0,25.15,251500.0,XIU,39.0,,,,,,,,,,,,,,
2020-01-30 09:44:30.486000000,Add Order,1580395470486000000,A,5143755,B,1600.0,25.14,251400.0,XIU,39.0,,,,,,,,,,,,,,
2020-01-30 09:44:30.486000000,Add Order,1580395470486000000,A,5143755,B,1600.0,25.15,251500.0,XIU,39.0,,,,,,,,,,,,,,
2020-01-30 09:44:30.489000000,Add Order,1580395470489000000,A,5144987,B,600.0,25.14,251400.0,XIU,39.0,,,,,,,,,,,,,,
2020-01-30 09:44:33.890000000,Add Order,1580395473890000000,A,5164076,S,8800.0,25.16,251600.0,XIU,39.0,,,,,,,,,,,,,,
2020-01-30 09:44:36.056000000,Add Order,1580395476056000000,A,5172817,S,9400.0,25.16,251600.0,XIU,39.0,,,,,,,,,,,,,,
2020-01-30 09:44:37.859000000,Add Order,1580395477859000000,A,5183933,B,3100.0,25.15,251500.0,XIU,39.0,,,,,,,,,,,,,,
2020-01-30 09:44:37.859000000,Add Order,1580395477859000000,A,5183935,B,3100.0,25.15,251500.0,XIU,39.0,,,,,,,,,,,,,,
2020-01-30 09:44:42.839000000,Add Order,1580395482839000000,A,5210967,B,1400.0,25.15,251500.0,XIU,39.0,,,,,,,,,,,,,,
2020-01-30 09:44:43.940000000,Add Order,1580395483940000000,A,5216808,S,1300.0,25.16,251600.0,XIU,39.0,,,,,,,,,,,,,,
2020-01-30 09:44:48.002000000,Add Order,1580395488002000000,A,5234019,S,1700.0,25.16,251600.0,XIU,39.0,,,,,,,,,,,,,,
2020-01-30 09:44:52.424000000,Add Order,1580395492424000000,A,5257681,B,10000.0,25.15,251500.0,XIU,39.0,,,,,,,,,,,,,,
2020-01-30 09:44:52.432000000,Add Order,1580395492432000000,A,5257761,S,600.0,25.18,251800.0,XIU,39.0,,,,,,,,,,,,,,
2020-01-30 09:44:55.181000000,Add Order,1580395495181000000,A,5270104,S,700.0,25.17,251700.0,XIU,39.0,,,,,,,,,,,,,,
2020-01-30 09:44:58.570000000,Add Order,1580395498570000000,A,5281907,S,1400.0,25.16,251600.0,XIU,39.0,,,,,,,,,,,,,,
2020-01-30 09:45:04.534000000,Add Order,1580395504534000000,A,5327716,B,2900.0,25.14,251400.0,XIU,39.0,,,,,,,,,,,,,,
2020-01-30 09:45:09.337000000,Add Order,1580395509337000000,A,5351673,B,2900.0,25.14,251400.0,XIU,39.0,,,,,,,,,,,,,,
2020-01-30 09:45:09.556000000,Add Order,1580395509556000000,A,5352981,B,2900.0,25.15,251500.0,XIU,39.0,,,,,,,,,,,,,,
2020-01-30 09:45:10.201000000,Add Order,1580395510201000000,A,5357300,S,10300.0,25.16,251600.0,XIU,39.0,,,,,,,,,,,,,,
2020-01-30 09:45:11.683000000,Add Order,1580395511683000000,A,5365133,B,700.0,25.13,251300.0,XIU,39.0,,,,,,,,,,,,,,
2020-01-30 09:45:11.684000000,Add Order,1580395511684000000,A,5365142,B,10000.0,25.14,251400.0,XIU,39.0,,,,,,,,,,,,,,
2020-01-30 09:45:12.190000000,Add Order,1580395512190000000,A,5368411,B,500.0,25.14,251400.0,XIU,39.0,,,,,,,,,,,,,,
2020-01-30 09:45:18.458000000,Add Order,1580395518458000000,A,5403496,B,1700.0,25.15,251500.0,XIU,39.0,,,,,,,,,,,,,,
2020-01-30 09:45:24.186000000,Add Order,1580395524186000000,A,5433763,S,11300.0,25.16,251600.0,XIU,39.0,,,,,,,,,,,,,,
2020-01-30 09:45:25.404000000,Add Order,1580395525404000000,A,5438372,B,500.0,25.13,251300.0,XIU,39.0,,,,,,,,,,,,,,
2020-01-30 09:45:25.404000000,Add Order,1580395525404000000,A,5438373,S,2700.0,25.16,251600.0,XIU,39.0,,,,,,,,,,,,,,
2020-01-30 09:45:26.720000000,Add Order,1580395526720000000,A,5438373,S,1200.0,25.15,251500.0,XIU,39.0,,,,,,,,,,,,,,
2020-01-30 09:45:26.720000000,Add Order,1580395526720000000,A,5443131,S,2700.0,25.15,251500.0,XIU,39.0,,,,,,,,,,,,,,
2020-01-30 09:45:26.729000000,Add Order,1580395526729000000,A,5443362,S,600.0,25.16,251600.0,XIU,39.0,,,,,,,,,,,,,,
2020-01-30 09:45:27.309000000,Add Order,1580395527309000000,A,5447665,B,10400.0,25.14,251400.0,XIU,39.0,,,,,,,,,,,,,,
2020-01-30 09:45:28.409000000,Add Order,1580395528409000000,A,5453053,S,700.0,25.17,251700.0,XIU,39.0,,,,,,,,,,,,,,
2020-01-30 09:45:29.016000000,Add Order,1580395529016000000,A,5456342,S,700.0,25.16,251600.0,XIU,39.0,,,,,,,,,,,,,,
2020-01-30 09:45:29.519000000,Add Order,1580395529519000000,A,5459439,S,600.0,25.17,251700.0,XIU,39.0,,,,,,,,,,,,,,
2020-01-30 09:45:30.098000000,Add Order,1580395530098000000,A,5462911,S,600.0,25.16,251600.0,XIU,39.0,,,,,,,,,,,,,,
2020-01-30 09:45:30.286000000,Add Order,1580395530286000000,A,5464013,S,1800.0,25.15,251500.0,XIU,39.0,,,,,,,,,,,,,,
2020-01-30 09:45:30.399000000,Add Order,1580395530399000000,A,5464717,B,9300.0,25.14,251400.0,XIU,39.0,,,,,,,,,,,,,,
2020-01-30 09:45:31.944000000,Add Order,1580395531944000000,A,5471454,S,600.0,25.17,251700.0,XIU,39.0,,,,,,,,,,,,,,
2020-01-30 09:45:32.608000000,Add Order,1580395532608000000,A,5475690,S,700.0,25.16,251600.0,XIU,39.0,,,,,,,,,,,,,,
2020-01-30 09:45:33.189000000,Add Order,1580395533189000000,A,5479049,S,700.0,25.17,251700.0,XIU,39.0,,,,,,,,,,,,,,
2020-01-30 09:45:36.350000000,Add Order,1580395536350000000,A,5497167,S,10100.0,25.16,251600.0,XIU,39.0,,,,,,,,,,,,,,
2020-01-30 09:45:37.709000000,Add Order,1580395537709000000,A,5509044,B,2800.0,25.14,251400.0,XIU,39.0,,,,,,,,,,,,,,
2020-01-30 09:45:37.900000000,Add Order,1580395537900000000,A,5509044,B,1600.0,25.15,251500.0,XIU,39.0,,,,,,,,,,,,,,
2020-01-30 09:45:37.900000000,Add Order,1580395537900000000,A,5510081,B,2800.0,25.15,251500.0,XIU,39.0,,,,,,,,,,,,,,
2020-01-30 09:45:37.904000000,Add Order,1580395537904000000,A,5510313,B,600.0,25.14,251400.0,XIU,39.0,,,,,,,,,,,,,,
2020-01-30 09:45:40.840000000,Add Order,1580395540840000000,A,5529600,B,1600.0,25.15,251500.0,XIU,39.0,,,,,,,,,,,,,,
2020-01-30 09:45:43.010000000,Add Order,1580395543010000000,A,5543948,B,1800.0,25.15,251500.0,XIU,39.0,,,,,,,,,,,,,,
2020-01-30 09:45:45.217000000,Add Order,1580395545217000000,A,5559234,B,10700.0,25.15,251500.0,XIU,39.0,,,,,,,,,,,,,,
2020-01-30 09:45:48.416000000,Add Order,1580395548416000000,A,5579831,B,1600.0,25.15,251500.0,XIU,39.0,,,,,,,,,,,,,,
2020-01-30 09:45:51.309000000,Add Order,1580395551309000000,A,5596454,B,1800.0,25.15,251500.0,XIU,39.0,,,,,,,,,,,,,,
2020-01-30 09:45:53.597000000,Add Order,1580395553597000000,A,5609050,B,9400.0,25.15,251500.0,XIU,39.0,,,,,,,,,,,,,,
2020-01-30 09:45:55.133000000,Add Order,1580395555133000000,A,5618294,S,600.0,25.18,251800.0,XIU,39.0,,,,,,,,,,,,,,
2020-01-30 09:45:56.373000000,Add Order,1580395556373000000,A,5624864,B,2800.0,25.15,251500.0,XIU,39.0,,,,,,,,,,,,,,
2020-01-30 09:45:56.374000000,Add Order,1580395556374000000,A,5624892,B,2800.0,25.16,251600.0,XIU,39.0,,,,,,,,,,,,,,
2020-01-30 09:45:56.374000000,Add Order,1580395556374000000,A,5624864,B,2800.0,25.16,251600.0,XIU,39.0,,,,,,,,,,,,,,
2020-01-30 09:45:56.374000000,Add Order,1580395556374000000,A,5624902,B,1800.0,25.16,251600.0,XIU,39.0,,,,,,,,,,,,,,
2020-01-30 09:45:56.377000000,Add Order,1580395556377000000,A,5624967,S,11200.0,25.17,251700.0,XIU,39.0,,,,,,,,,,,,,,
2020-01-30 09:45:56.503000000,Add Order,1580395556503000000,A,5625952,B,500.0,25.15,251500.0,XIU,39.0,,,,,,,,,,,,,,
2020-01-30 09:45:56.518000000,Add Order,1580395556518000000,A,5626248,S,9300.0,25.17,251700.0,XIU,39.0,,,,,,,,,,,,,,
2020-01-30 09:45:58.732000000,Add Order,1580395558732000000,A,5639920,S,9800.0,25.17,251700.0,XIU,39.0,,,,,,,,,,,,,,
2020-01-30 09:45:59.682000000,Add Order,1580395559682000000,A,5644896,B,500.0,25.14,251400.0,XIU,39.0,,,,,,,,,,,,,,
2020-01-30 09:45:59.684000000,Add Order,1580395559684000000,A,5644917,B,8600.0,25.15,251500.0,XIU,39.0,,,,,,,,,,,,,,
2020-01-30 09:45:59.752000000,Add Order,1580395559752000000,A,5645366,S,11200.0,25.17,251700.0,XIU,39.0,,,,,,,,,,,,,,
2020-01-30 09:46:00.184000000,Add Order,1580395560184000000,A,5648113,B,600.0,25.15,251500.0,XIU,39.0,,,,,,,,,,,,,,
2020-01-30 09:46:00.772000000,Add Order,1580395560772000000,A,5653439,B,1100.0,25.16,251600.0,XIU,39.0,,,,,,,,,,,,,,
2020-01-30 09:46:00.884000000,Add Order,1580395560884000000,A,5654889,S,1300.0,25.22,252200.0,XIU,39.0,,,,,,,,,,,,,,
2020-01-30 09:46:06.869000000,Add Order,1580395566869000000,A,5697637,B,1400.0,25.16,251600.0,XIU,39.0,,,,,,,,,,,,,,
2020-01-30 09:46:07.489000000,Add Order,1580395567489000000,A,5701057,S,700.0,25.19,251900.0,XIU,39.0,,,,,,,,,,,,,,
