time,Msg Type,Time Stamp,Message Type,Order Reference,Buy/Sell Indicator,Shares,Price Decimal,Price,Stock,Broker,Executed Shares,Trade Reference,Contra Order Reference,Trade Attribute,Contra Broker,Cancelled Shares,Cross Type,Settlement Terms,Event Code,Trading State,Listing Market,Board Lot Size,Currency,GEF Eligible
2020-01-30 09:30:00.010000000,Add Order,1580394600010000000,A,52794,B,7900.0,25.15,251500.0,XIU,80.0,,,,,,,,,,,,,,
2020-01-30 09:30:00.010000000,Add Order,1580394600010000000,A,52811,S,15900.0,25.21,252100.0,XIU,80.0,,,,,,,,,,,,,,
2020-01-30 09:30:06.563000000,Add Order,1580394606563000000,A,133517,B,7900.0,25.18,251800.0,XIU,80.0,,,,,,,,,,,,,,
2020-01-30 09:30:06.563000000,Add Order,1580394606563000000,A,133528,S,15900.0,25.21,252100.0,XIU,80.0,,,,,,,,,,,,,,
2020-01-30 09:30:06.564000000,Add Order,1580394606564000000,A,133553,B,8000.0,25.18,251800.0,XIU,80.0,,,,,,,,,,,,,,
2020-01-30 09:30:06.661000000,Add Order,1580394606661000000,A,133920,S,1100.0,25.21,252100.0,XIU,80.0,,,,,,,,,,,,,,
2020-01-30 09:30:06.804000000,Add Order,1580394606804000000,A,134476,B,8000.0,25.18,251800.0,XIU,80.0,,,,,,,,,,,,,,
2020-01-30 09:30:06.862000000,Add Order,1580394606862000000,A,135029,B,1100.0,25.18,251800.0,XIU,80.0,,,,,,,,,,,,,,
2020-01-30 09:30:06.927000000,Add Order,1580394606927000000,A,135461,S,1100.0,25.21,252100.0,XIU,80.0,,,,,,,,,,,,,,
2020-01-30 09:30:06.928000000,Add Order,1580394606928000000,A,135485,B,8000.0,25.18,251800.0,XIU,80.0,,,,,,,,,,,,,,
2020-01-30 09:30:06.945000000,Add Order,1580394606945000000,A,135637,S,1100.0,25.21,252100.0,XIU,80.0,,,,,,,,,,,,,,
2020-01-30 09:30:07.131000000,Add Order,1580394607131000000,A,136832,B,8000.0,25.18,251800.0,XIU,80.0,,,,,,,,,,,,,,
2020-01-30 09:30:07.317000000,Add Order,1580394607317000000,A,138109,B,1100.0,25.18,251800.0,XIU,80.0,,,,,,,,,,,,,,
2020-01-30 09:30:07.436000000,Add Order,1580394607436000000,A,138671,S,1100.0,25.21,252100.0,XIU,80.0,,,,,,,,,,,,,,
2020-01-30 09:30:07.444000000,Add Order,1580394607444000000,A,138895,S,8000.0,25.21,252100.0,XIU,80.0,,,,,,,,,,,,,,
2020-01-30 09:30:07.445000000,Add Order,1580394607445000000,A,138920,B,7900.0,25.18,251800.0,XIU,80.0,,,,,,,,,,,,,,
2020-01-30 09:30:07.445000000,Add Order,1580394607445000000,A,138932,S,8000.0,25.21,252100.0,XIU,80.0,,,,,,,,,,,,,,
2020-01-30 09:30:07.469000000,Add Order,1580394607469000000,A,139529,S,23700.0,25.21,252100.0,XIU,80.0,,,,,,,,,,,,,,
2020-01-30 09:30:07.485000000,Add Order,1580394607485000000,A,139897,S,16000.0,25.21,252100.0,XIU,80.0,,,,,,,,,,,,,,
2020-01-30 09:30:07.717000000,Add Order,1580394607717000000,A,141583,S,8000.0,25.21,252100.0,XIU,80.0,,,,,,,,,,,,,,
2020-01-30 09:30:07.885000000,Add Order,1580394607885000000,A,142509,S,15700.0,25.21,252100.0,XIU,80.0,,,,,,,,,,,,,,
2020-01-30 09:30:07.938000000,Add Order,1580394607938000000,A,142919,S,8000.0,25.21,252100.0,XIU,80.0,,,,,,,,,,,,,,
2020-01-30 09:30:08.309000000,Add Order,1580394608309000000,A,145343,S,23700.0,25.21,252100.0,XIU,80.0,,,,,,,,,,,,,,
2020-01-30 09:30:08.919000000,Add Order,1580394608919000000,A,149790,S,15700.0,25.21,252100.0,XIU,80.0,,,,,,,,,,,,,,
2020-01-30 09:30:09.014000000,Add Order,1580394609014000000,A,150455,S,15700.0,25.21,252100.0,XIU,80.0,,,,,,,,,,,,,,
2020-01-30 09:30:09.119000000,Add Order,1580394609119000000,A,151524,S,8000.0,25.21,252100.0,XIU,80.0,,,,,,,,,,,,,,
2020-01-30 09:30:09.372000000,Add Order,1580394609372000000,A,153434,S,23700.0,25.21,252100.0,XIU,80.0,,,,,,,,,,,,,,
2020-01-30 09:30:10.097000000,Add Order,1580394610097000000,A,158556,S,8000.0,25.21,252100.0,XIU,80.0,,,,,,,,,,,,,,
2020-01-30 09:30:10.121000000,Add Order,1580394610121000000,A,159220,S,23700.0,25.21,252100.0,XIU,80.0,,,,,,,,,,,,,,
2020-01-30 09:30:10.255000000,Add Order,1580394610255000000,A,160830,S,8000.0,25.21,252100.0,XIU,80.0,,,,,,,,,,,,,,
2020-01-30 09:30:10.277000000,Add Order,1580394610277000000,A,161251,S,23700.0,25.21,252100.0,XIU,80.0,,,,,,,,,,,,,,
2020-01-30 09:30:10.865000000,Add Order,1580394610865000000,A,165893,S,8000.0,25.21,252100.0,XIU,80.0,,,,,,,,,,,,,,
2020-01-30 09:30:10.956000000,Add Order,1580394610956000000,A,166385,S,8000.0,25.21,252100.0,XIU,80.0,,,,,,,,,,,,,,
2020-01-30 09:30:11.140000000,Add Order,1580394611140000000,A,167330,S,23700.0,25.21,252100.0,XIU,80.0,,,,,,,,,,,,,,
2020-01-30 09:30:11.180000000,Add Order,1580394611180000000,A,167665,S,8000.0,25.21,252100.0,XIU,80.0,,,,,,,,,,,,,,
2020-01-30 09:30:11.471000000,Add Order,1580394611471000000,A,169700,S,16000.0,25.21,252100.0,XIU,80.0,,,,,,,,,,,,,,
2020-01-30 09:30:11.801000000,Add Order,1580394611801000000,A,171977,S,8000.0,25.21,252100.0,XIU,80.0,,,,,,,,,,,,,,
2020-01-30 09:30:12.434000000,Add Order,1580394612434000000,A,175054,S,8000.0,25.21,252100.0,XIU,80.0,,,,,,,,,,,,,,
2020-01-30 09:30:12.560000000,Add Order,1580394612560000000,A,175819,B,700.0,25.15,251500.0,XIU,80.0,,,,,,,,,,,,,,
2020-01-30 09:30:12.560000000,Add Order,1580394612560000000,A,175821,S,700.0,25.2,252000.0,XIU,80.0,,,,,,,,,,,,,,
2020-01-30 09:30:12.640000000,Add Order,1580394612640000000,A,176150,S,700.0,25.2,252000.0,XIU,80.0,,,,,,,,,,,,,,
2020-01-30 09:30:12.695000000,Add Order,1580394612695000000,A,176798,S,700.0,25.2,252000.0,XIU,80.0,,,,,,,,,,,,,,
2020-01-30 09:30:12.725000000,Add Order,1580394612725000000,A,176988,B,700.0,25.14,251400.0,XIU,80.0,,,,,,,,,,,,,,
2020-01-30 09:30:12.746000000,Add Order,1580394612746000000,A,177099,S,700.0,25.2,252000.0,XIU,80.0,,,,,,,,,,,,,,
2020-01-30 09:30:12.788000000,Add Order,1580394612788000000,A,177321,S,700.0,25.2,252000.0,XIU,80.0,,,,,,,,,,,,,,
2020-01-30 09:30:12.832000000,Add Order,1580394612832000000,A,177554,S,700.0,25.2,252000.0,XIU,80.0,,,,,,,,,,,,,,
2020-01-30 09:30:12.962000000,Add Order,1580394612962000000,A,178269,B,700.0,25.14,251400.0,XIU,80.0,,,,,,,,,,,,,,
2020-01-30 09:30:12.995000000,Add Order,1580394612995000000,A,178433,B,700.0,25.14,251400.0,XIU,80.0,,,,,,,,,,,,,,
2020-01-30 09:30:13.050000000,Add Order,1580394613050000000,A,178857,S,700.0,25.2,252000.0,XIU,80.0,,,,,,,,,,,,,,
2020-01-30 09:30:13.207000000,Add Order,1580394613207000000,A,179536,S,700.0,25.2,252000.0,XIU,80.0,,,,,,,,,,,,,,
2020-01-30 09:30:13.310000000,Add Order,1580394613310000000,A,180151,S,8000.0,25.21,252100.0,XIU,80.0,,,,,,,,,,,,,,
2020-01-30 09:30:13.368000000,Add Order,1580394613368000000,A,180310,S,8000.0,25.21,252100.0,XIU,80.0,,,,,,,,,,,,,,
2020-01-30 09:30:13.776000000,Add Order,1580394613776000000,A,182835,S,8000.0,25.21,252100.0,XIU,80.0,,,,,,,,,,,,,,
2020-01-30 09:30:13.993000000,Add Order,1580394613993000000,A,133528,S,7900.0,25.2,252000.0,XIU,80.0,,,,,,,,,,,,,,
2020-01-30 09:30:14.141000000,Add Order,1580394614141000000,A,184482,S,8000.0,25.2,252000.0,XIU,80.0,,,,,,,,,,,,,,
2020-01-30 09:30:14.248000000,Add Order,1580394614248000000,A,185283,B,700.0,25.13,251300.0,XIU,80.0,,,,,,,,,,,,,,
2020-01-30 09:30:14.248000000,Add Order,1580394614248000000,A,185286,S,700.0,25.2,252000.0,XIU,80.0,,,,,,,,,,,,,,
2020-01-30 09:30:14.279000000,Add Order,1580394614279000000,A,185547,S,700.0,25.2,252000.0,XIU,80.0,,,,,,,,,,,,,,
2020-01-30 09:30:14.320000000,Add Order,1580394614320000000,A,185747,S,700.0,25.2,252000.0,XIU,80.0,,,,,,,,,,,,,,
2020-01-30 09:30:14.381000000,Add Order,1580394614381000000,A,185969,S,16000.0,25.2,252000.0,XIU,80.0,,,,,,,,,,,,,,
2020-01-30 09:30:14.388000000,Add Order,1580394614388000000,A,185986,S,700.0,25.2,252000.0,XIU,80.0,,,,,,,,,,,,,,
2020-01-30 09:30:14.729000000,Add Order,1580394614729000000,A,187532,B,700.0,25.13,251300.0,XIU,80.0,,,,,,,,,,,,,,
2020-01-30 09:30:14.919000000,Add Order,1580394614919000000,A,188595,S,700.0,25.2,252000.0,XIU,80.0,,,,,,,,,,,,,,
2020-01-30 09:30:15.053000000,Add Order,1580394615053000000,A,189557,B,700.0,25.13,251300.0,XIU,80.0,,,,,,,,,,,,,,
2020-01-30 09:30:15.108000000,Add Order,1580394615108000000,A,190267,B,700.0,25.13,251300.0,XIU,80.0,,,,,,,,,,,,,,
2020-01-30 09:30:15.187000000,Add Order,1580394615187000000,A,191271,S,700.0,25.2,252000.0,XIU,80.0,,,,,,,,,,,,,,
2020-01-30 09:30:15.218000000,Add Order,1580394615218000000,A,191505,B,700.0,25.13,251300.0,XIU,80.0,,,,,,,,,,,,,,
2020-01-30 09:30:15.263000000,Add Order,1580394615263000000,A,191845,B,700.0,25.13,251300.0,XIU,80.0,,,,,,,,,,,,,,
2020-01-30 09:30:15.301000000,Add Order,1580394615301000000,A,192173,B,700.0,25.13,251300.0,XIU,80.0,,,,,,,,,,,,,,
2020-01-30 09:30:15.896000000,Add Order,1580394615896000000,A,196428,S,700.0,25.2,252000.0,XIU,80.0,,,,,,,,,,,,,,
2020-01-30 09:30:15.946000000,Add Order,1580394615946000000,A,196833,S,700.0,25.2,252000.0,XIU,80.0,,,,,,,,,,,,,,
2020-01-30 09:30:16.016000000,Add Order,1580394616016000000,A,197191,B,700.0,25.14,251400.0,XIU,80.0,,,,,,,,,,,,,,
2020-01-30 09:30:16.138000000,Add Order,1580394616138000000,A,197673,B,700.0,25.13,251300.0,XIU,80.0,,,,,,,,,,,,,,
2020-01-30 09:30:16.188000000,Add Order,1580394616188000000,A,197964,B,700.0,25.14,251400.0,XIU,80.0,,,,,,,,,,,,,,
2020-01-30 09:30:16.363000000,Add Order,1580394616363000000,A,198780,B,700.0,25.14,251400.0,XIU,80.0,,,,,,,,,,,,,,
2020-01-30 09:30:16.430000000,Add Order,1580394616430000000,A,199254,S,700.0,25.2,252000.0,XIU,80.0,,,,,,,,,,,,,,
2020-01-30 09:30:16.466000000,Add Order,1580394616466000000,A,199484,S,700.0,25.2,252000.0,XIU,80.0,,,,,,,,,,,,,,
2020-01-30 09:30:16.684000000,Add Order,1580394616684000000,A,200822,S,700.0,25.2,252000.0,XIU,80.0,,,,,,,,,,,,,,
2020-01-30 09:30:16.715000000,Add Order,1580394616715000000,A,201084,S,700.0,25.2,252000.0,XIU,80.0,,,,,,,,,,,,,,
2020-01-30 09:30:16.828000000,Add Order,1580394616828000000,A,201992,B,700.0,25.13,251300.0,XIU,80.0,,,,,,,,,,,,,,
2020-01-30 09:30:16.840000000,Add Order,1580394616840000000,A,202172,S,700.0,25.2,252000.0,XIU,80.0,,,,,,,,,,,,,,
2020-01-30 09:30:16.931000000,Add Order,1580394616931000000,A,203366,S,700.0,25.2,252000.0,XIU,80.0,,,,,,,,,,,,,,
2020-01-30 09:30:16.963000000,Add Order,1580394616963000000,A,203668,B,700.0,25.14,251400.0,XIU,80.0,,,,,,,,,,,,,,
2020-01-30 09:30:17.006000000,Add Order,1580394617006000000,A,204391,B,700.0,25.14,251400.0,XIU,80.0,,,,,,,,,,,,,,
2020-01-30 09:30:17.046000000,Add Order,1580394617046000000,A,204853,S,700.0,25.2,252000.0,XIU,80.0,,,,,,,,,,,,,,
2020-01-30 09:30:17.130000000,Add Order,1580394617130000000,A,205450,B,700.0,25.14,251400.0,XIU,80.0,,,,,,,,,,,,,,
2020-01-30 09:30:18.180000000,Add Order,1580394618180000000,A,213148,B,700.0,25.14,251400.0,XIU,80.0,,,,,,,,,,,,,,
2020-01-30 09:30:18.180000000,Add Order,1580394618180000000,A,213150,S,700.0,25.2,252000.0,XIU,80.0,,,,,,,,,,,,,,
2020-01-30 09:30:18.216000000,Add Order,1580394618216000000,A,213420,S,700.0,25.2,252000.0,XIU,80.0,,,,,,,,,,,,,,
2020-01-30 09:30:18.369000000,Add Order,1580394618369000000,A,214466,B,700.0,25.14,251400.0,XIU,80.0,,,,,,,,,,,,,,
2020-01-30 09:30:18.476000000,Add Order,1580394618476000000,A,215079,B,700.0,25.14,251400.0,XIU,80.0,,,,,,,,,,,,,,
2020-01-30 09:30:18.514000000,Add Order,1580394618514000000,A,215312,B,700.0,25.14,251400.0,XIU,80.0,,,,,,,,,,,,,,
2020-01-30 09:30:18.549000000,Add Order,1580394618549000000,A,215561,B,700.0,25.14,251400.0,XIU,80.0,,,,,,,,,,,,,,
2020-01-30 09:30:18.615000000,Add Order,1580394618615000000,A,216008,B,700.0,25.14,251400.0,XIU,80.0,,,,,,,,,,,,,,
2020-01-30 09:30:18.671000000,Add Order,1580394618671000000,A,216439,B,700.0,25.14,251400.0,XIU,80.0,,,,,,,,,,,,,,
2020-01-30 09:30:18.754000000,Add Order,1580394618754000000,A,217065,S,700.0,25.2,252000.0,XIU,80.0,,,,,,,,,,,,,,
2020-01-30 09:30:19.139000000,Add Order,1580394619139000000,A,219276,S,700.0,25.2,252000.0,XIU,80.0,,,,,,,,,,,,,,
2020-01-30 09:30:19.238000000,Add Order,1580394619238000000,A,219951,S,700.0,25.2,252000.0,XIU,80.0,,,,,,,,,,,,,,
2020-01-30 09:30:19.354000000,Add Order,1580394619354000000,A,220702,B,700.0,25.14,251400.0,XIU,80.0,,,,,,,,,,,,,,
2020-01-30 09:30:19.464000000,Add Order,1580394619464000000,A,221280,S,700.0,25.2,252000.0,XIU,80.0,,,,,,,,,,,,,,
2020-01-30 09:30:19.508000000,Add Order,1580394619508000000,A,221810,S,700.0,25.2,252000.0,XIU,80.0,,,,,,,,,,,,,,
2020-01-30 09:30:19.540000000,Add Order,1580394619540000000,A,222094,B,25500.0,25.18,251800.0,XIU,80.0,,,,,,,,,,,,,,
2020-01-30 09:30:19.540000000,Add Order,1580394619540000000,A,222098,S,31600.0,25.2,252000.0,XIU,80.0,,,,,,,,,,,,,,
2020-01-30 09:30:19.541000000,Add Order,1580394619541000000,A,222105,B,700.0,25.14,251400.0,XIU,80.0,,,,,,,,,,,,,,
2020-01-30 09:30:19.843000000,Add Order,1580394619843000000,A,223884,S,700.0,25.2,252000.0,XIU,80.0,,,,,,,,,,,,,,
2020-01-30 09:30:19.992000000,Add Order,1580394619992000000,A,224803,B,8000.0,25.18,251800.0,XIU,80.0,,,,,,,,,,,,,,
2020-01-30 09:30:20.015000000,Add Order,1580394620015000000,A,224945,B,700.0,25.14,251400.0,XIU,80.0,,,,,,,,,,,,,,
2020-01-30 09:30:20.030000000,Add Order,1580394620030000000,A,225060,B,8000.0,25.18,251800.0,XIU,80.0,,,,,,,,,,,,,,
2020-01-30 09:30:20.030000000,Add Order,1580394620030000000,A,225074,S,8000.0,25.2,252000.0,XIU,80.0,,,,,,,,,,,,,,
2020-01-30 09:30:20.049000000,Add Order,1580394620049000000,A,225198,B,700.0,25.14,251400.0,XIU,80.0,,,,,,,,,,,,,,
2020-01-30 09:30:20.102000000,Add Order,1580394620102000000,A,225522,S,7700.0,25.2,252000.0,XIU,80.0,,,,,,,,,,,,,,
2020-01-30 09:30:20.319000000,Add Order,1580394620319000000,A,226740,B,8000.0,25.18,251800.0,XIU,80.0,,,,,,,,,,,,,,
2020-01-30 09:30:20.371000000,Add Order,1580394620371000000,A,227032,B,1600.0,25.18,251800.0,XIU,80.0,,,,,,,,,,,,,,
2020-01-30 09:30:20.379000000,Add Order,1580394620379000000,A,222098,S,15900.0,25.21,252100.0,XIU,80.0,,,,,,,,,,,,,,
2020-01-30 09:30:20.409000000,Add Order,1580394620409000000,A,227296,B,700.0,25.14,251400.0,XIU,80.0,,,,,,,,,,,,,,
2020-01-30 09:30:20.411000000,Add Order,1580394620411000000,A,227341,B,8000.0,25.18,251800.0,XIU,80.0,,,,,,,,,,,,,,
2020-01-30 09:30:20.413000000,Add Order,1580394620413000000,A,227366,B,8000.0,25.18,251800.0,XIU,80.0,,,,,,,,,,,,,,
2020-01-30 09:30:20.453000000,Add Order,1580394620453000000,A,227632,S,700.0,25.2,252000.0,XIU,80.0,,,,,,,,,,,,,,
2020-01-30 09:30:20.650000000,Add Order,1580394620650000000,A,228772,S,700.0,25.2,252000.0,XIU,80.0,,,,,,,,,,,,,,
2020-01-30 09:30:20.734000000,Add Order,1580394620734000000,A,229279,B,1600.0,25.18,251800.0,XIU,80.0,,,,,,,,,,,,,,
2020-01-30 09:30:20.913000000,Add Order,1580394620913000000,A,229879,S,8000.0,25.21,252100.0,XIU,80.0,,,,,,,,,,,,,,
2020-01-30 09:30:20.942000000,Add Order,1580394620942000000,A,230078,B,700.0,25.14,251400.0,XIU,80.0,,,,,,,,,,,,,,
2020-01-30 09:30:20.973000000,Add Order,1580394620973000000,A,230380,B,700.0,25.14,251400.0,XIU,80.0,,,,,,,,,,,,,,
2020-01-30 09:30:21.068000000,Add Order,1580394621068000000,A,231003,S,16000.0,25.21,252100.0,XIU,80.0,,,,,,,,,,,,,,
2020-01-30 09:30:21.118000000,Add Order,1580394621118000000,A,231401,S,8000.0,25.21,252100.0,XIU,80.0,,,,,,,,,,,,,,
2020-01-30 09:30:21.227000000,Add Order,1580394621227000000,A,232121,S,16000.0,25.21,252100.0,XIU,80.0,,,,,,,,,,,,,,
2020-01-30 09:30:21.320000000,Add Order,1580394621320000000,A,232732,S,700.0,25.2,252000.0,XIU,80.0,,,,,,,,,,,,,,
2020-01-30 09:30:21.356000000,Add Order,1580394621356000000,A,233091,B,700.0,25.14,251400.0,XIU,80.0,,,,,,,,,,,,,,
2020-01-30 09:30:21.522000000,Add Order,1580394621522000000,A,234324,B,8000.0,25.18,251800.0,XIU,80.0,,,,,,,,,,,,,,
2020-01-30 09:30:21.523000000,Add Order,1580394621523000000,A,234332,B,9600.0,25.18,251800.0,XIU,80.0,,,,,,,,,,,,,,
2020-01-30 09:30:21.524000000,Add Order,1580394621524000000,A,234338,B,8000.0,25.18,251800.0,XIU,80.0,,,,,,,,,,,,,,
2020-01-30 09:30:21.536000000,Add Order,1580394621536000000,A,234416,B,17600.0,25.18,251800.0,XIU,80.0,,,,,,,,,,,,,,
2020-01-30 09:30:21.647000000,Add Order,1580394621647000000,A,235202,S,23700.0,25.21,252100.0,XIU,80.0,,,,,,,,,,,,,,
2020-01-30 09:30:21.731000000,Add Order,1580394621731000000,A,235643,B,700.0,25.14,251400.0,XIU,80.0,,,,,,,,,,,,,,
2020-01-30 09:30:21.799000000,Add Order,1580394621799000000,A,236120,S,700.0,25.2,252000.0,XIU,80.0,,,,,,,,,,,,,,
2020-01-30 09:30:21.833000000,Add Order,1580394621833000000,A,236350,B,700.0,25.14,251400.0,XIU,80.0,,,,,,,,,,,,,,
2020-01-30 09:30:21.866000000,Add Order,1580394621866000000,A,236622,S,700.0,25.2,252000.0,XIU,80.0,,,,,,,,,,,,,,
2020-01-30 09:30:21.967000000,Add Order,1580394621967000000,A,237108,S,8000.0,25.21,252100.0,XIU,80.0,,,,,,,,,,,,,,
2020-01-30 09:30:21.991000000,Add Order,1580394621991000000,A,237283,S,700.0,25.2,252000.0,XIU,80.0,,,,,,,,,,,,,,
2020-01-30 09:30:22.023000000,Add Order,1580394622023000000,A,237665,B,700.0,25.14,251400.0,XIU,80.0,,,,,,,,,,,,,,
2020-01-30 09:30:22.075000000,Add Order,1580394622075000000,A,238036,B,700.0,25.14,251400.0,XIU,80.0,,,,,,,,,,,,,,
2020-01-30 09:30:22.195000000,Add Order,1580394622195000000,A,238512,S,23700.0,25.21,252100.0,XIU,80.0,,,,,,,,,,,,,,
2020-01-30 09:30:22.269000000,Add Order,1580394622269000000,A,238951,B,700.0,25.14,251400.0,XIU,80.0,,,,,,,,,,,,,,
2020-01-30 09:30:22.414000000,Add Order,1580394622414000000,A,239539,S,23700.0,25.21,252100.0,XIU,80.0,,,,,,,,,,,,,,
2020-01-30 09:30:23.001000000,Add Order,1580394623001000000,A,242922,B,700.0,25.14,251400.0,XIU,80.0,,,,,,,,,,,,,,
2020-01-30 09:30:23.241000000,Add Order,1580394623241000000,A,244143,B,700.0,25.14,251400.0,XIU,80.0,,,,,,,,,,,,,,
2020-01-30 09:30:23.450000000,Add Order,1580394623450000000,A,245114,B,700.0,25.14,251400.0,XIU,80.0,,,,,,,,,,,,,,
2020-01-30 09:30:23.480000000,Add Order,1580394623480000000,A,245379,B,8000.0,25.18,251800.0,XIU,80.0,,,,,,,,,,,,,,
2020-01-30 09:30:23.582000000,Add Order,1580394623582000000,A,245915,B,9600.0,25.18,251800.0,XIU,80.0,,,,,,,,,,,,,,
2020-01-30 09:30:23.843000000,Add Order,1580394623843000000,A,247582,S,700.0,25.2,252000.0,XIU,80.0,,,,,,,,,,,,,,
2020-01-30 09:30:23.869000000,Add Order,1580394623869000000,A,248032,B,15900.0,25.18,251800.0,XIU,80.0,,,,,,,,,,,,,,
2020-01-30 09:30:23.979000000,Add Order,1580394623979000000,A,249070,B,8000.0,25.18,251800.0,XIU,80.0,,,,,,,,,,,,,,
2020-01-30 09:30:24.004000000,Add Order,1580394624004000000,A,249572,S,700.0,25.2,252000.0,XIU,80.0,,,,,,,,,,,,,,
2020-01-30 09:30:24.039000000,Add Order,1580394624039000000,A,249987,S,700.0,25.2,252000.0,XIU,80.0,,,,,,,,,,,,,,
2020-01-30 09:30:24.074000000,Add Order,1580394624074000000,A,250519,S,700.0,25.2,252000.0,XIU,80.0,,,,,,,,,,,,,,
2020-01-30 09:30:24.116000000,Add Order,1580394624116000000,A,250974,S,700.0,25.2,252000.0,XIU,80.0,,,,,,,,,,,,,,
2020-01-30 09:30:24.223000000,Add Order,1580394624223000000,A,251908,B,4100.0,25.18,251800.0,XIU,80.0,,,,,,,,,,,,,,
2020-01-30 09:30:24.280000000,Add Order,1580394624280000000,A,252511,S,700.0,25.2,252000.0,XIU,80.0,,,,,,,,,,,,,,
2020-01-30 09:30:24.296000000,Add Order,1580394624296000000,A,252694,S,8000.0,25.21,252100.0,XIU,80.0,,,,,,,,,,,,,,
2020-01-30 09:30:24.453000000,Add Order,1580394624453000000,A,253495,B,700.0,25.14,251400.0,XIU,80.0,,,,,,,,,,,,,,
2020-01-30 09:30:24.490000000,Add Order,1580394624490000000,A,253871,B,700.0,25.14,251400.0,XIU,80.0,,,,,,,,,,,,,,
2020-01-30 09:30:24.523000000,Add Order,1580394624523000000,A,254080,B,700.0,25.14,251400.0,XIU,80.0,,,,,,,,,,,,,,
2020-01-30 09:30:24.538000000,Add Order,1580394624538000000,A,254282,S,15700.0,25.21,252100.0,XIU,80.0,,,,,,,,,,,,,,
2020-01-30 09:30:24.564000000,Add Order,1580394624564000000,A,254463,S,8000.0,25.21,252100.0,XIU,80.0,,,,,,,,,,,,,,
2020-01-30 09:30:24.579000000,Add Order,1580394624579000000,A,254549,B,3800.0,25.18,251800.0,XIU,80.0,,,,,,,,,,,,,,
2020-01-30 09:30:24.606000000,Add Order,1580394624606000000,A,254741,S,700.0,25.2,252000.0,XIU,80.0,,,,,,,,,,,,,,
2020-01-30 09:30:24.646000000,Add Order,1580394624646000000,A,255056,B,3800.0,25.18,251800.0,XIU,80.0,,,,,,,,,,,,,,
2020-01-30 09:30:24.694000000,Add Order,1580394624694000000,A,255548,S,700.0,25.2,252000.0,XIU,80.0,,,,,,,,,,,,,,
2020-01-30 09:30:24.695000000,Add Order,1580394624695000000,A,255595,B,700.0,25.15,251500.0,XIU,80.0,,,,,,,,,,,,,,
2020-01-30 09:30:24.726000000,Add Order,1580394624726000000,A,255861,B,700.0,25.14,251400.0,XIU,80.0,,,,,,,,,,,,,,
2020-01-30 09:30:24.852000000,Add Order,1580394624852000000,A,256551,B,3400.0,25.18,251800.0,XIU,80.0,,,,,,,,,,,,,,
2020-01-30 09:30:24.889000000,Add Order,1580394624889000000,A,256800,S,8000.0,25.21,252100.0,XIU,80.0,,,,,,,,,,,,,,
2020-01-30 09:30:24.889000000,Add Order,1580394624889000000,A,256812,B,1500.0,25.18,251800.0,XIU,80.0,,,,,,,,,,,,,,
2020-01-30 09:30:24.889000000,Add Order,1580394624889000000,A,256820,S,7700.0,25.21,252100.0,XIU,80.0,,,,,,,,,,,,,,
2020-01-30 09:30:24.970000000,Add Order,1580394624970000000,A,257366,B,14400.0,25.18,251800.0,XIU,80.0,,,,,,,,,,,,,,
2020-01-30 09:30:24.971000000,Add Order,1580394624971000000,A,257381,S,8000.0,25.21,252100.0,XIU,80.0,,,,,,,,,,,,,,
2020-01-30 09:30:25.020000000,Add Order,1580394625020000000,A,257886,B,700.0,25.14,251400.0,XIU,80.0,,,,,,,,,,,,,,
2020-01-30 09:30:25.055000000,Add Order,1580394625055000000,A,258101,S,700.0,25.2,252000.0,XIU,80.0,,,,,,,,,,,,,,
2020-01-30 09:30:25.070000000,Add Order,1580394625070000000,A,258286,B,700.0,25.18,251800.0,XIU,80.0,,,,,,,,,,,,,,
2020-01-30 09:30:25.082000000,Add Order,1580394625082000000,A,258410,B,700.0,25.18,251800.0,XIU,80.0,,,,,,,,,,,,,,
2020-01-30 09:30:25.090000000,Add Order,1580394625090000000,A,258492,B,700.0,25.18,251800.0,XIU,80.0,,,,,,,,,,,,,,
2020-01-30 09:30:25.091000000,Add Order,1580394625091000000,A,258502,S,8000.0,25.21,252100.0,XIU,80.0,,,,,,,,,,,,,,
2020-01-30 09:30:25.126000000,Add Order,1580394625126000000,A,258840,B,700.0,25.14,251400.0,XIU,80.0,,,,,,,,,,,,,,
2020-01-30 09:30:25.148000000,Add Order,1580394625148000000,A,259076,B,700.0,25.15,251500.0,XIU,80.0,,,,,,,,,,,,,,
2020-01-30 09:30:25.158000000,Add Order,1580394625158000000,A,259254,S,700.0,25.2,252000.0,XIU,80.0,,,,,,,,,,,,,,
2020-01-30 09:30:25.191000000,Add Order,1580394625191000000,A,259777,B,700.0,25.15,251500.0,XIU,80.0,,,,,,,,,,,,,,
2020-01-30 09:30:25.274000000,Add Order,1580394625274000000,A,260499,S,8000.0,25.21,252100.0,XIU,80.0,,,,,,,,,,,,,,
2020-01-30 09:30:25.345000000,Add Order,1580394625345000000,A,261086,S,8000.0,25.21,252100.0,XIU,80.0,,,,,,,,,,,,,,
2020-01-30 09:30:25.356000000,Add Order,1580394625356000000,A,261209,S,700.0,25.2,252000.0,XIU,80.0,,,,,,,,,,,,,,
2020-01-30 09:30:25.381000000,Add Order,1580394625381000000,A,261497,B,14200.0,25.18,251800.0,XIU,80.0,,,,,,,,,,,,,,
2020-01-30 09:30:25.419000000,Add Order,1580394625419000000,A,261801,B,14200.0,25.18,251800.0,XIU,80.0,,,,,,,,,,,,,,
2020-01-30 09:30:25.610000000,Add Order,1580394625610000000,A,263065,S,8000.0,25.21,252100.0,XIU,80.0,,,,,,,,,,,,,,
2020-01-30 09:30:25.708000000,Add Order,1580394625708000000,A,264151,S,8000.0,25.21,252100.0,XIU,80.0,,,,,,,,,,,,,,
2020-01-30 09:30:25.898000000,Add Order,1580394625898000000,A,265724,S,8000.0,25.21,252100.0,XIU,80.0,,,,,,,,,,,,,,
2020-01-30 09:30:25.980000000,Add Order,1580394625980000000,A,266443,S,8000.0,25.21,252100.0,XIU,80.0,,,,,,,,,,,,,,
2020-01-30 09:30:26.137000000,Add Order,1580394626137000000,A,267523,S,8000.0,25.21,252100.0,XIU,80.0,,,,,,,,,,,,,,
2020-01-30 09:30:26.385000000,Add Order,1580394626385000000,A,269047,S,8000.0,25.21,252100.0,XIU,80.0,,,,,,,,,,,,,,
2020-01-30 09:30:26.387000000,Add Order,1580394626387000000,A,269059,B,700.0,25.15,251500.0,XIU,80.0,,,,,,,,,,,,,,
2020-01-30 09:30:26.387000000,Add Order,1580394626387000000,A,269062,S,700.0,25.2,252000.0,XIU,80.0,,,,,,,,,,,,,,
2020-01-30 09:30:26.463000000,Add Order,1580394626463000000,A,269490,B,700.0,25.14,251400.0,XIU,80.0,,,,,,,,,,,,,,
2020-01-30 09:30:26.545000000,Add Order,1580394626545000000,A,269959,S,8000.0,25.21,252100.0,XIU,80.0,,,,,,,,,,,,,,
2020-01-30 09:30:26.546000000,Add Order,1580394626546000000,A,269970,S,8000.0,25.21,252100.0,XIU,80.0,,,,,,,,,,,,,,
2020-01-30 09:30:26.553000000,Add Order,1580394626553000000,A,270070,S,7700.0,25.21,252100.0,XIU,80.0,,,,,,,,,,,,,,
2020-01-30 09:30:26.554000000,Add Order,1580394626554000000,A,270083,S,300.0,25.21,252100.0,XIU,80.0,,,,,,,,,,,,,,
2020-01-30 09:30:26.554000000,Add Order,1580394626554000000,A,270092,S,7700.0,25.21,252100.0,XIU,80.0,,,,,,,,,,,,,,
2020-01-30 09:30:26.583000000,Add Order,1580394626583000000,A,270311,B,700.0,25.14,251400.0,XIU,80.0,,,,,,,,,,,,,,
2020-01-30 09:30:26.639000000,Add Order,1580394626639000000,A,270684,S,15700.0,25.21,252100.0,XIU,80.0,,,,,,,,,,,,,,
2020-01-30 09:30:26.696000000,Add Order,1580394626696000000,A,271061,S,700.0,25.2,252000.0,XIU,80.0,,,,,,,,,,,,,,
2020-01-30 09:30:26.838000000,Add Order,1580394626838000000,A,271968,B,700.0,25.14,251400.0,XIU,80.0,,,,,,,,,,,,,,
2020-01-30 09:30:26.869000000,Add Order,1580394626869000000,A,272197,S,700.0,25.2,252000.0,XIU,80.0,,,,,,,,,,,,,,
2020-01-30 09:30:26.936000000,Add Order,1580394626936000000,A,272585,S,700.0,25.2,252000.0,XIU,80.0,,,,,,,,,,,,,,
2020-01-30 09:30:27.040000000,Add Order,1580394627040000000,A,273290,S,700.0,25.2,252000.0,XIU,80.0,,,,,,,,,,,,,,
2020-01-30 09:30:27.160000000,Add Order,1580394627160000000,A,274216,S,23700.0,25.21,252100.0,XIU,80.0,,,,,,,,,,,,,,
2020-01-30 09:30:27.164000000,Add Order,1580394627164000000,A,274264,S,700.0,25.2,252000.0,XIU,80.0,,,,,,,,,,,,,,
2020-01-30 09:30:27.205000000,Add Order,1580394627205000000,A,274639,S,700.0,25.2,252000.0,XIU,80.0,,,,,,,,,,,,,,
2020-01-30 09:30:27.329000000,Add Order,1580394627329000000,A,275626,S,700.0,25.2,252000.0,XIU,80.0,,,,,,,,,,,,,,
2020-01-30 09:30:27.387000000,Add Order,1580394627387000000,A,276091,S,700.0,25.2,252000.0,XIU,80.0,,,,,,,,,,,,,,
2020-01-30 09:30:27.547000000,Add Order,1580394627547000000,A,277458,S,700.0,25.2,252000.0,XIU,80.0,,,,,,,,,,,,,,
2020-01-30 09:30:27.571000000,Add Order,1580394627571000000,A,277649,B,8000.0,25.18,251800.0,XIU,80.0,,,,,,,,,,,,,,
2020-01-30 09:30:27.578000000,Add Order,1580394627578000000,A,277707,S,700.0,25.2,252000.0,XIU,80.0,,,,,,,,,,,,,,
2020-01-30 09:30:27.636000000,Add Order,1580394627636000000,A,278296,B,800.0,25.18,251800.0,XIU,80.0,,,,,,,,,,,,,,
2020-01-30 09:30:27.639000000,Add Order,1580394627639000000,A,278339,S,16000.0,25.21,252100.0,XIU,80.0,,,,,,,,,,,,,,
2020-01-30 09:30:27.641000000,Add Order,1580394627641000000,A,278353,S,16000.0,25.21,252100.0,XIU,80.0,,,,,,,,,,,,,,
2020-01-30 09:30:27.663000000,Add Order,1580394627663000000,A,278505,S,8000.0,25.21,252100.0,XIU,80.0,,,,,,,,,,,,,,
2020-01-30 09:30:27.948000000,Add Order,1580394627948000000,A,280070,B,10000.0,25.18,251800.0,XIU,80.0,,,,,,,,,,,,,,
2020-01-30 09:30:27.948000000,Add Order,1580394627948000000,A,280078,S,8000.0,25.21,252100.0,XIU,80.0,,,,,,,,,,,,,,
2020-01-30 09:30:28.146000000,Add Order,1580394628146000000,A,281257,B,700.0,25.14,251400.0,XIU,80.0,,,,,,,,,,,,,,
2020-01-30 09:30:28.346000000,Add Order,1580394628346000000,A,282053,S,700.0,25.2,252000.0,XIU,80.0,,,,,,,,,,,,,,
2020-01-30 09:30:28.558000000,Add Order,1580394628558000000,A,283232,S,15700.0,25.21,252100.0,XIU,80.0,,,,,,,,,,,,,,
2020-01-30 09:30:28.566000000,Add Order,1580394628566000000,A,283415,S,15700.0,25.21,252100.0,XIU,80.0,,,,,,,,,,,,,,
2020-01-30 09:30:28.572000000,Add Order,1580394628572000000,A,283529,S,15700.0,25.21,252100.0,XIU,80.0,,,,,,,,,,,,,,
2020-01-30 09:30:28.588000000,Add Order,1580394628588000000,A,283642,B,700.0,25.14,251400.0,XIU,80.0,,,,,,,,,,,,,,
2020-01-30 09:30:28.627000000,Add Order,1580394628627000000,A,284260,B,700.0,25.14,251400.0,XIU,80.0,,,,,,,,,,,,,,
2020-01-30 09:30:28.638000000,Add Order,1580394628638000000,A,284450,S,8000.0,25.21,252100.0,XIU,80.0,,,,,,,,,,,,,,
2020-01-30 09:30:28.638000000,Add Order,1580394628638000000,A,284477,B,9100.0,25.18,251800.0,XIU,80.0,,,,,,,,,,,,,,
2020-01-30 09:30:28.656000000,Add Order,1580394628656000000,A,284978,S,8000.0,25.21,252100.0,XIU,80.0,,,,,,,,,,,,,,
2020-01-30 09:30:28.658000000,Add Order,1580394628658000000,A,285009,S,700.0,25.2,252000.0,XIU,80.0,,,,,,,,,,,,,,
2020-01-30 09:30:28.690000000,Add Order,1580394628690000000,A,285261,S,700.0,25.2,252000.0,XIU,80.0,,,,,,,,,,,,,,
2020-01-30 09:30:28.702000000,Add Order,1580394628702000000,A,285348,B,700.0,25.15,251500.0,XIU,80.0,,,,,,,,,,,,,,
2020-01-30 09:30:28.744000000,Add Order,1580394628744000000,A,285718,B,700.0,25.14,251400.0,XIU,80.0,,,,,,,,,,,,,,
2020-01-30 09:30:28.795000000,Add Order,1580394628795000000,A,286132,B,700.0,25.15,251500.0,XIU,80.0,,,,,,,,,,,,,,
2020-01-30 09:30:28.797000000,Add Order,1580394628797000000,A,286172,B,700.0,25.14,251400.0,XIU,80.0,,,,,,,,,,,,,,
2020-01-30 09:30:28.821000000,Add Order,1580394628821000000,A,286488,S,8000.0,25.21,252100.0,XIU,80.0,,,,,,,,,,,,,,
2020-01-30 09:30:28.828000000,Add Order,1580394628828000000,A,286615,B,700.0,25.14,251400.0,XIU,80.0,,,,,,,,,,,,,,
2020-01-30 09:30:28.864000000,Add Order,1580394628864000000,A,286956,B,700.0,25.14,251400.0,XIU,80.0,,,,,,,,,,,,,,
2020-01-30 09:30:28.906000000,Add Order,1580394628906000000,A,287306,B,700.0,25.14,251400.0,XIU,80.0,,,,,,,,,,,,,,
2020-01-30 09:30:28.950000000,Add Order,1580394628950000000,A,287549,S,8000.0,25.21,252100.0,XIU,80.0,,,,,,,,,,,,,,
2020-01-30 09:30:29.082000000,Add Order,1580394629082000000,A,288228,S,700.0,25.2,252000.0,XIU,80.0,,,,,,,,,,,,,,
2020-01-30 09:30:29.082000000,Add Order,1580394629082000000,A,288232,B,700.0,25.15,251500.0,XIU,80.0,,,,,,,,,,,,,,
2020-01-30 09:30:29.172000000,Add Order,1580394629172000000,A,288797,S,8000.0,25.21,252100.0,XIU,80.0,,,,,,,,,,,,,,
2020-01-30 09:30:29.248000000,Add Order,1580394629248000000,A,289425,B,700.0,25.15,251500.0,XIU,80.0,,,,,,,,,,,,,,
2020-01-30 09:30:29.316000000,Add Order,1580394629316000000,A,289760,S,8000.0,25.21,252100.0,XIU,80.0,,,,,,,,,,,,,,
2020-01-30 09:30:29.537000000,Add Order,1580394629537000000,A,291111,S,700.0,25.2,252000.0,XIU,80.0,,,,,,,,,,,,,,
2020-01-30 09:30:29.614000000,Add Order,1580394629614000000,A,291517,B,700.0,25.15,251500.0,XIU,80.0,,,,,,,,,,,,,,
2020-01-30 09:30:29.727000000,Add Order,1580394629727000000,A,292301,S,8000.0,25.21,252100.0,XIU,80.0,,,,,,,,,,,,,,
2020-01-30 09:30:29.729000000,Add Order,1580394629729000000,A,222094,B,7900.0,25.19,251900.0,XIU,80.0,,,,,,,,,,,,,,
2020-01-30 09:30:29.736000000,Add Order,1580394629736000000,A,292453,S,8000.0,25.21,252100.0,XIU,80.0,,,,,,,,,,,,,,
2020-01-30 09:30:29.748000000,Add Order,1580394629748000000,A,292525,B,700.0,25.15,251500.0,XIU,80.0,,,,,,,,,,,,,,
2020-01-30 09:30:29.753000000,Add Order,1580394629753000000,A,292584,B,8000.0,25.19,251900.0,XIU,80.0,,,,,,,,,,,,,,
2020-01-30 09:30:29.795000000,Add Order,1580394629795000000,A,293027,B,1100.0,25.19,251900.0,XIU,80.0,,,,,,,,,,,,,,
2020-01-30 09:30:29.806000000,Add Order,1580394629806000000,A,293072,B,700.0,25.15,251500.0,XIU,80.0,,,,,,,,,,,,,,
2020-01-30 09:30:29.937000000,Add Order,1580394629937000000,A,294024,S,8000.0,25.21,252100.0,XIU,80.0,,,,,,,,,,,,,,
2020-01-30 09:30:29.963000000,Add Order,1580394629963000000,A,294203,S,8000.0,25.21,252100.0,XIU,80.0,,,,,,,,,,,,,,
2020-01-30 09:30:30.007000000,Add Order,1580394630007000000,A,294511,B,700.0,25.15,251500.0,XIU,80.0,,,,,,,,,,,,,,
2020-01-30 09:30:30.178000000,Add Order,1580394630178000000,A,295927,S,700.0,25.2,252000.0,XIU,80.0,,,,,,,,,,,,,,
2020-01-30 09:30:30.212000000,Add Order,1580394630212000000,A,296338,B,700.0,25.15,251500.0,XIU,80.0,,,,,,,,,,,,,,
2020-01-30 09:30:30.221000000,Add Order,1580394630221000000,A,296475,B,8000.0,25.19,251900.0,XIU,80.0,,,,,,,,,,,,,,
2020-01-30 09:30:30.226000000,Add Order,1580394630226000000,A,296512,B,1100.0,25.19,251900.0,XIU,80.0,,,,,,,,,,,,,,
2020-01-30 09:30:30.231000000,Add Order,1580394630231000000,A,296547,S,23700.0,25.21,252100.0,XIU,80.0,,,,,,,,,,,,,,
2020-01-30 09:30:30.247000000,Add Order,1580394630247000000,A,296610,B,700.0,25.15,251500.0,XIU,80.0,,,,,,,,,,,,,,
2020-01-30 09:30:30.387000000,Add Order,1580394630387000000,A,297328,B,700.0,25.15,251500.0,XIU,80.0,,,,,,,,,,,,,,
2020-01-30 09:30:30.455000000,Add Order,1580394630455000000,A,297941,S,700.0,25.2,252000.0,XIU,80.0,,,,,,,,,,,,,,
2020-01-30 09:30:30.495000000,Add Order,1580394630495000000,A,298213,B,700.0,25.15,251500.0,XIU,80.0,,,,,,,,,,,,,,
2020-01-30 09:30:30.813000000,Add Order,1580394630813000000,A,299916,B,8000.0,25.19,251900.0,XIU,80.0,,,,,,,,,,,,,,
2020-01-30 09:30:30.860000000,Add Order,1580394630860000000,A,300204,B,1100.0,25.19,251900.0,XIU,80.0,,,,,,,,,,,,,,
2020-01-30 09:30:30.871000000,Add Order,1580394630871000000,A,300247,B,700.0,25.15,251500.0,XIU,80.0,,,,,,,,,,,,,,
2020-01-30 09:30:30.998000000,Add Order,1580394630998000000,A,300785,S,700.0,25.2,252000.0,XIU,80.0,,,,,,,,,,,,,,
2020-01-30 09:30:31.071000000,Add Order,1580394631071000000,A,301139,B,700.0,25.15,251500.0,XIU,80.0,,,,,,,,,,,,,,
2020-01-30 09:30:31.109000000,Add Order,1580394631109000000,A,301379,B,700.0,25.15,251500.0,XIU,80.0,,,,,,,,,,,,,,
2020-01-30 09:30:31.150000000,Add Order,1580394631150000000,A,222098,S,15900.0,25.22,252200.0,XIU,80.0,,,,,,,,,,,,,,
2020-01-30 09:30:31.151000000,Add Order,1580394631151000000,A,301963,S,700.0,25.21,252100.0,XIU,80.0,,,,,,,,,,,,,,
2020-01-30 09:30:31.168000000,Add Order,1580394631168000000,A,302717,S,8000.0,25.22,252200.0,XIU,80.0,,,,,,,,,,,,,,
2020-01-30 09:30:31.185000000,Add Order,1580394631185000000,A,303326,S,16000.0,25.22,252200.0,XIU,80.0,,,,,,,,,,,,,,
2020-01-30 09:30:31.231000000,Add Order,1580394631231000000,A,303999,B,700.0,25.15,251500.0,XIU,80.0,,,,,,,,,,,,,,
2020-01-30 09:30:31.243000000,Add Order,1580394631243000000,A,304236,S,700.0,25.22,252200.0,XIU,80.0,,,,,,,,,,,,,,
2020-01-30 09:30:31.244000000,Add Order,1580394631244000000,A,304301,B,6900.0,25.19,251900.0,XIU,80.0,,,,,,,,,,,,,,
2020-01-30 09:30:31.244000000,Add Order,1580394631244000000,A,304302,B,1100.0,25.19,251900.0,XIU,80.0,,,,,,,,,,,,,,
2020-01-30 09:30:31.244000000,Add Order,1580394631244000000,A,304307,S,8000.0,25.22,252200.0,XIU,80.0,,,,,,,,,,,,,,
2020-01-30 09:30:31.246000000,Add Order,1580394631246000000,A,304391,S,8000.0,25.22,252200.0,XIU,80.0,,,,,,,,,,,,,,
2020-01-30 09:30:31.246000000,Add Order,1580394631246000000,A,304402,B,8000.0,25.19,251900.0,XIU,80.0,,,,,,,,,,,,,,
2020-01-30 09:30:31.246000000,Add Order,1580394631246000000,A,222094,B,15900.0,25.2,252000.0,XIU,80.0,,,,,,,,,,,,,,
2020-01-30 09:30:31.247000000,Add Order,1580394631247000000,A,304446,B,1100.0,25.2,252000.0,XIU,80.0,,,,,,,,,,,,,,
2020-01-30 09:30:31.411000000,Add Order,1580394631411000000,A,305633,S,700.0,25.22,252200.0,XIU,80.0,,,,,,,,,,,,,,
2020-01-30 09:30:31.487000000,Add Order,1580394631487000000,A,306089,S,8000.0,25.22,252200.0,XIU,80.0,,,,,,,,,,,,,,
2020-01-30 09:30:31.539000000,Add Order,1580394631539000000,A,306428,B,8000.0,25.2,252000.0,XIU,80.0,,,,,,,,,,,,,,
2020-01-30 09:30:31.561000000,Add Order,1580394631561000000,A,306547,B,8000.0,25.2,252000.0,XIU,80.0,,,,,,,,,,,,,,
2020-01-30 09:30:31.583000000,Add Order,1580394631583000000,A,306751,S,8000.0,25.22,252200.0,XIU,80.0,,,,,,,,,,,,,,
2020-01-30 09:30:31.588000000,Add Order,1580394631588000000,A,306804,S,15700.0,25.22,252200.0,XIU,80.0,,,,,,,,,,,,,,
2020-01-30 09:30:31.589000000,Add Order,1580394631589000000,A,306811,B,1100.0,25.2,252000.0,XIU,80.0,,,,,,,,,,,,,,
2020-01-30 09:30:31.589000000,Add Order,1580394631589000000,A,222094,B,14900.0,25.19,251900.0,XIU,80.0,,,,,,,,,,,,,,
2020-01-30 09:30:31.591000000,Add Order,1580394631591000000,A,306870,B,1000.0,25.19,251900.0,XIU,80.0,,,,,,,,,,,,,,
2020-01-30 09:30:31.591000000,Add Order,1580394631591000000,A,306872,S,16000.0,25.22,252200.0,XIU,80.0,,,,,,,,,,,,,,
2020-01-30 09:30:31.591000000,Add Order,1580394631591000000,A,222098,S,7900.0,25.21,252100.0,XIU,80.0,,,,,,,,,,,,,,
2020-01-30 09:30:31.591000000,Add Order,1580394631591000000,A,306881,S,8000.0,25.21,252100.0,XIU,80.0,,,,,,,,,,,,,,
2020-01-30 09:30:31.592000000,Add Order,1580394631592000000,A,306890,B,8000.0,25.19,251900.0,XIU,80.0,,,,,,,,,,,,,,
2020-01-30 09:30:31.597000000,Add Order,1580394631597000000,A,306938,B,700.0,25.15,251500.0,XIU,80.0,,,,,,,,,,,,,,
2020-01-30 09:30:31.611000000,Add Order,1580394631611000000,A,307074,B,8000.0,25.19,251900.0,XIU,80.0,,,,,,,,,,,,,,
2020-01-30 09:30:31.612000000,Add Order,1580394631612000000,A,307083,S,8000.0,25.21,252100.0,XIU,80.0,,,,,,,,,,,,,,
2020-01-30 09:30:31.617000000,Add Order,1580394631617000000,A,307105,S,8000.0,25.21,252100.0,XIU,80.0,,,,,,,,,,,,,,
2020-01-30 09:30:31.666000000,Add Order,1580394631666000000,A,307450,B,200.0,25.19,251900.0,XIU,80.0,,,,,,,,,,,,,,
2020-01-30 09:30:31.666000000,Add Order,1580394631666000000,A,307461,B,8000.0,25.19,251900.0,XIU,80.0,,,,,,,,,,,,,,
2020-01-30 09:30:31.666000000,Add Order,1580394631666000000,A,222098,S,23900.0,25.22,252200.0,XIU,80.0,,,,,,,,,,,,,,
2020-01-30 09:30:31.878000000,Add Order,1580394631878000000,A,308688,B,200.0,25.19,251900.0,XIU,80.0,,,,,,,,,,,,,,
2020-01-30 09:30:32.159000000,Add Order,1580394632159000000,A,310288,B,8000.0,25.19,251900.0,XIU,80.0,,,,,,,,,,,,,,
2020-01-30 09:30:32.194000000,Add Order,1580394632194000000,A,310531,B,700.0,25.15,251500.0,XIU,80.0,,,,,,,,,,,,,,
2020-01-30 09:30:32.229000000,Add Order,1580394632229000000,A,310731,S,700.0,25.22,252200.0,XIU,80.0,,,,,,,,,,,,,,
2020-01-30 09:30:32.265000000,Add Order,1580394632265000000,A,310885,S,700.0,25.22,252200.0,XIU,80.0,,,,,,,,,,,,,,
2020-01-30 09:30:32.374000000,Add Order,1580394632374000000,A,311567,S,700.0,25.22,252200.0,XIU,80.0,,,,,,,,,,,,,,
2020-01-30 09:30:32.900000000,Add Order,1580394632900000000,A,314217,S,700.0,25.22,252200.0,XIU,80.0,,,,,,,,,,,,,,
2020-01-30 09:30:32.998000000,Add Order,1580394632998000000,A,314852,S,8000.0,25.22,252200.0,XIU,80.0,,,,,,,,,,,,,,
2020-01-30 09:30:33.033000000,Add Order,1580394633033000000,A,315287,B,200.0,25.19,251900.0,XIU,80.0,,,,,,,,,,,,,,
2020-01-30 09:30:33.100000000,Add Order,1580394633100000000,A,315951,B,700.0,25.15,251500.0,XIU,80.0,,,,,,,,,,,,,,
2020-01-30 09:30:33.280000000,Add Order,1580394633280000000,A,317807,B,700.0,25.15,251500.0,XIU,80.0,,,,,,,,,,,,,,
2020-01-30 09:30:33.312000000,Add Order,1580394633312000000,A,318152,S,700.0,25.22,252200.0,XIU,80.0,,,,,,,,,,,,,,
2020-01-30 09:30:33.531000000,Add Order,1580394633531000000,A,320264,B,700.0,25.15,251500.0,XIU,80.0,,,,,,,,,,,,,,
2020-01-30 09:30:33.572000000,Add Order,1580394633572000000,A,320486,B,700.0,25.15,251500.0,XIU,80.0,,,,,,,,,,,,,,
2020-01-30 09:30:33.983000000,Add Order,1580394633983000000,A,222098,S,7900.0,25.21,252100.0,XIU,80.0,,,,,,,,,,,,,,
2020-01-30 09:30:34.025000000,Add Order,1580394634025000000,A,222098,S,15900.0,25.22,252200.0,XIU,80.0,,,,,,,,,,,,,,
2020-01-30 09:30:34.037000000,Add Order,1580394634037000000,A,322709,S,700.0,25.21,252100.0,XIU,80.0,,,,,,,,,,,,,,
2020-01-30 09:30:34.076000000,Add Order,1580394634076000000,A,323024,S,700.0,25.22,252200.0,XIU,80.0,,,,,,,,,,,,,,
2020-01-30 09:30:34.120000000,Add Order,1580394634120000000,A,323336,B,700.0,25.15,251500.0,XIU,80.0,,,,,,,,,,,,,,
2020-01-30 09:30:34.146000000,Add Order,1580394634146000000,A,323588,S,700.0,25.21,252100.0,XIU,80.0,,,,,,,,,,,,,,
2020-01-30 09:30:34.221000000,Add Order,1580394634221000000,A,324295,S,8000.0,25.22,252200.0,XIU,80.0,,,,,,,,,,,,,,
2020-01-30 09:30:34.221000000,Add Order,1580394634221000000,A,324302,S,8000.0,25.22,252200.0,XIU,80.0,,,,,,,,,,,,,,
2020-01-30 09:30:34.254000000,Add Order,1580394634254000000,A,324502,B,8000.0,25.19,251900.0,XIU,80.0,,,,,,,,,,,,,,
2020-01-30 09:30:34.254000000,Add Order,1580394634254000000,A,324512,S,8000.0,25.22,252200.0,XIU,80.0,,,,,,,,,,,,,,
2020-01-30 09:30:34.254000000,Add Order,1580394634254000000,A,324513,B,200.0,25.19,251900.0,XIU,80.0,,,,,,,,,,,,,,
2020-01-30 09:30:34.254000000,Add Order,1580394634254000000,A,324515,S,8000.0,25.22,252200.0,XIU,80.0,,,,,,,,,,,,,,
2020-01-30 09:30:34.280000000,Add Order,1580394634280000000,A,324728,S,8000.0,25.22,252200.0,XIU,80.0,,,,,,,,,,,,,,
2020-01-30 09:30:34.317000000,Add Order,1580394634317000000,A,325011,B,700.0,25.15,251500.0,XIU,80.0,,,,,,,,,,,,,,
2020-01-30 09:30:34.457000000,Add Order,1580394634457000000,A,325631,B,700.0,25.15,251500.0,XIU,80.0,,,,,,,,,,,,,,
2020-01-30 09:30:34.470000000,Add Order,1580394634470000000,A,325715,B,8000.0,25.19,251900.0,XIU,80.0,,,,,,,,,,,,,,
2020-01-30 09:30:34.514000000,Add Order,1580394634514000000,A,326022,B,200.0,25.19,251900.0,XIU,80.0,,,,,,,,,,,,,,
2020-01-30 09:30:34.859000000,Add Order,1580394634859000000,A,327389,S,700.0,25.21,252100.0,XIU,80.0,,,,,,,,,,,,,,
2020-01-30 09:30:35.072000000,Add Order,1580394635072000000,A,328492,S,700.0,25.21,252100.0,XIU,80.0,,,,,,,,,,,,,,
2020-01-30 09:30:35.540000000,Add Order,1580394635540000000,A,331146,S,700.0,25.21,252100.0,XIU,80.0,,,,,,,,,,,,,,
2020-01-30 09:30:35.589000000,Add Order,1580394635589000000,A,331805,S,700.0,25.21,252100.0,XIU,80.0,,,,,,,,,,,,,,
2020-01-30 09:30:35.591000000,Add Order,1580394635591000000,A,331846,S,16000.0,25.22,252200.0,XIU,80.0,,,,,,,,,,,,,,
2020-01-30 09:30:35.649000000,Add Order,1580394635649000000,A,332324,B,8200.0,25.19,251900.0,XIU,80.0,,,,,,,,,,,,,,
2020-01-30 09:30:35.755000000,Add Order,1580394635755000000,A,333030,S,7700.0,25.22,252200.0,XIU,80.0,,,,,,,,,,,,,,
2020-01-30 09:30:35.781000000,Add Order,1580394635781000000,A,333185,B,700.0,25.15,251500.0,XIU,80.0,,,,,,,,,,,,,,
2020-01-30 09:30:35.796000000,Add Order,1580394635796000000,A,333332,B,200.0,25.19,251900.0,XIU,80.0,,,,,,,,,,,,,,
2020-01-30 09:30:35.797000000,Add Order,1580394635797000000,A,333337,S,8000.0,25.22,252200.0,XIU,80.0,,,,,,,,,,,,,,
2020-01-30 09:30:35.828000000,Add Order,1580394635828000000,A,333672,B,700.0,25.15,251500.0,XIU,80.0,,,,,,,,,,,,,,
2020-01-30 09:30:35.869000000,Add Order,1580394635869000000,A,334043,S,700.0,25.21,252100.0,XIU,80.0,,,,,,,,,,,,,,
2020-01-30 09:30:35.927000000,Add Order,1580394635927000000,A,334308,S,700.0,25.21,252100.0,XIU,80.0,,,,,,,,,,,,,,
2020-01-30 09:30:36.184000000,Add Order,1580394636184000000,A,335530,B,200.0,25.19,251900.0,XIU,80.0,,,,,,,,,,,,,,
2020-01-30 09:30:36.199000000,Add Order,1580394636199000000,A,335577,S,700.0,25.21,252100.0,XIU,80.0,,,,,,,,,,,,,,
2020-01-30 09:30:36.577000000,Add Order,1580394636577000000,A,337993,S,7700.0,25.22,252200.0,XIU,80.0,,,,,,,,,,,,,,
2020-01-30 09:30:36.582000000,Add Order,1580394636582000000,A,338067,S,7700.0,25.22,252200.0,XIU,80.0,,,,,,,,,,,,,,
2020-01-30 09:30:36.605000000,Add Order,1580394636605000000,A,338242,B,700.0,25.16,251600.0,XIU,80.0,,,,,,,,,,,,,,
2020-01-30 09:30:37.158000000,Add Order,1580394637158000000,A,341317,S,700.0,25.21,252100.0,XIU,80.0,,,,,,,,,,,,,,
2020-01-30 09:30:37.223000000,Add Order,1580394637223000000,A,342051,S,700.0,25.21,252100.0,XIU,80.0,,,,,,,,,,,,,,
2020-01-30 09:30:37.333000000,Add Order,1580394637333000000,A,342916,S,700.0,25.21,252100.0,XIU,80.0,,,,,,,,,,,,,,
2020-01-30 09:30:37.564000000,Add Order,1580394637564000000,A,343975,S,15700.0,25.22,252200.0,XIU,80.0,,,,,,,,,,,,,,
2020-01-30 09:30:37.573000000,Add Order,1580394637573000000,A,344087,B,7200.0,25.19,251900.0,XIU,80.0,,,,,,,,,,,,,,
2020-01-30 09:30:37.589000000,Add Order,1580394637589000000,A,344436,S,15700.0,25.22,252200.0,XIU,80.0,,,,,,,,,,,,,,
2020-01-30 09:30:37.589000000,Add Order,1580394637589000000,A,222094,B,7900.0,25.2,252000.0,XIU,80.0,,,,,,,,,,,,,,
2020-01-30 09:30:37.655000000,Add Order,1580394637655000000,A,345273,B,7200.0,25.2,252000.0,XIU,80.0,,,,,,,,,,,,,,
2020-01-30 09:30:37.661000000,Add Order,1580394637661000000,A,345358,S,700.0,25.21,252100.0,XIU,80.0,,,,,,,,,,,,,,
2020-01-30 09:30:37.770000000,Add Order,1580394637770000000,A,346046,B,700.0,25.16,251600.0,XIU,80.0,,,,,,,,,,,,,,
2020-01-30 09:30:37.921000000,Add Order,1580394637921000000,A,346792,S,700.0,25.22,252200.0,XIU,80.0,,,,,,,,,,,,,,
2020-01-30 09:30:37.929000000,Add Order,1580394637929000000,A,346909,B,7200.0,25.2,252000.0,XIU,80.0,,,,,,,,,,,,,,
2020-01-30 09:30:37.929000000,Add Order,1580394637929000000,A,346911,S,8000.0,25.22,252200.0,XIU,80.0,,,,,,,,,,,,,,
2020-01-30 09:30:38.010000000,Add Order,1580394638010000000,A,347559,B,700.0,25.16,251600.0,XIU,80.0,,,,,,,,,,,,,,
2020-01-30 09:30:38.204000000,Add Order,1580394638204000000,A,348998,S,700.0,25.22,252200.0,XIU,80.0,,,,,,,,,,,,,,
2020-01-30 09:30:38.451000000,Add Order,1580394638451000000,A,350693,B,700.0,25.16,251600.0,XIU,80.0,,,,,,,,,,,,,,
2020-01-30 09:30:38.502000000,Add Order,1580394638502000000,A,351040,S,8000.0,25.22,252200.0,XIU,80.0,,,,,,,,,,,,,,
2020-01-30 09:30:38.746000000,Add Order,1580394638746000000,A,353014,S,700.0,25.22,252200.0,XIU,80.0,,,,,,,,,,,,,,
2020-01-30 09:30:39.015000000,Add Order,1580394639015000000,A,354919,S,7700.0,25.22,252200.0,XIU,80.0,,,,,,,,,,,,,,
2020-01-30 09:30:39.041000000,Add Order,1580394639041000000,A,355094,B,700.0,25.16,251600.0,XIU,80.0,,,,,,,,,,,,,,
2020-01-30 09:30:39.205000000,Add Order,1580394639205000000,A,356789,B,6700.0,25.2,252000.0,XIU,80.0,,,,,,,,,,,,,,
2020-01-30 09:30:39.206000000,Add Order,1580394639206000000,A,356805,S,8000.0,25.22,252200.0,XIU,80.0,,,,,,,,,,,,,,
2020-01-30 09:30:39.217000000,Add Order,1580394639217000000,A,356985,S,7700.0,25.22,252200.0,XIU,80.0,,,,,,,,,,,,,,
2020-01-30 09:30:39.230000000,Add Order,1580394639230000000,A,357148,B,700.0,25.16,251600.0,XIU,80.0,,,,,,,,,,,,,,
2020-01-30 09:30:39.262000000,Add Order,1580394639262000000,A,357517,B,700.0,25.16,251600.0,XIU,80.0,,,,,,,,,,,,,,
2020-01-30 09:30:39.323000000,Add Order,1580394639323000000,A,358041,B,6700.0,25.2,252000.0,XIU,80.0,,,,,,,,,,,,,,
2020-01-30 09:30:39.392000000,Add Order,1580394639392000000,A,358648,S,700.0,25.22,252200.0,XIU,80.0,,,,,,,,,,,,,,
2020-01-30 09:30:39.454000000,Add Order,1580394639454000000,A,359127,B,700.0,25.16,251600.0,XIU,80.0,,,,,,,,,,,,,,
2020-01-30 09:30:39.505000000,Add Order,1580394639505000000,A,359670,S,23700.0,25.22,252200.0,XIU,80.0,,,,,,,,,,,,,,
2020-01-30 09:30:39.739000000,Add Order,1580394639739000000,A,361450,B,700.0,25.15,251500.0,XIU,80.0,,,,,,,,,,,,,,
2020-01-30 09:30:39.776000000,Add Order,1580394639776000000,A,361805,S,700.0,25.22,252200.0,XIU,80.0,,,,,,,,,,,,,,
2020-01-30 09:30:39.921000000,Add Order,1580394639921000000,A,363000,B,700.0,25.15,251500.0,XIU,80.0,,,,,,,,,,,,,,
2020-01-30 09:30:39.974000000,Add Order,1580394639974000000,A,363514,B,700.0,25.15,251500.0,XIU,80.0,,,,,,,,,,,,,,
2020-01-30 09:30:39.983000000,Add Order,1580394639983000000,A,363611,S,8000.0,25.22,252200.0,XIU,80.0,,,,,,,,,,,,,,
2020-01-30 09:30:39.986000000,Order Execution,1580394639986000000,E,222094,,,,,,80.0,7900.0,3003763.0,363659.0,,1.0,,,,,,,,,
2020-01-30 09:30:39.986000000,Order Execution,1580394639986000000,E,358041,,,,,,80.0,1700.0,3003764.0,363659.0,,1.0,,,,,,,,,
2020-01-30 09:30:39.987000000,Add Order,1580394639987000000,A,363726,S,15700.0,25.22,252200.0,XIU,80.0,,,,,,,,,,,,,,
2020-01-30 09:30:39.989000000,Add Order,1580394639989000000,A,363766,B,8000.0,25.19,251900.0,XIU,80.0,,,,,,,,,,,,,,
2020-01-30 09:30:40.029000000,Add Order,1580394640029000000,A,364337,S,8000.0,25.22,252200.0,XIU,80.0,,,,,,,,,,,,,,
2020-01-30 09:30:40.030000000,Add Order,1580394640030000000,A,364344,B,100.0,25.19,251900.0,XIU,80.0,,,,,,,,,,,,,,
2020-01-30 09:30:40.162000000,Add Order,1580394640162000000,A,365451,B,700.0,25.15,251500.0,XIU,80.0,,,,,,,,,,,,,,
2020-01-30 09:30:40.371000000,Add Order,1580394640371000000,A,367154,S,16000.0,25.22,252200.0,XIU,80.0,,,,,,,,,,,,,,
2020-01-30 09:30:40.376000000,Add Order,1580394640376000000,A,367167,S,7700.0,25.22,252200.0,XIU,80.0,,,,,,,,,,,,,,
2020-01-30 09:30:40.380000000,Add Order,1580394640380000000,A,367180,S,700.0,25.22,252200.0,XIU,80.0,,,,,,,,,,,,,,
2020-01-30 09:30:40.434000000,Add Order,1580394640434000000,A,367534,S,700.0,25.22,252200.0,XIU,80.0,,,,,,,,,,,,,,
2020-01-30 09:30:40.444000000,Add Order,1580394640444000000,A,367657,B,100.0,25.19,251900.0,XIU,80.0,,,,,,,,,,,,,,
2020-01-30 09:30:40.451000000,Add Order,1580394640451000000,A,367964,S,23700.0,25.22,252200.0,XIU,80.0,,,,,,,,,,,,,,
2020-01-30 09:30:40.475000000,Add Order,1580394640475000000,A,368235,S,700.0,25.22,252200.0,XIU,80.0,,,,,,,,,,,,,,
2020-01-30 09:30:40.485000000,Add Order,1580394640485000000,A,368349,S,8000.0,25.22,252200.0,XIU,80.0,,,,,,,,,,,,,,
2020-01-30 09:30:40.507000000,Add Order,1580394640507000000,A,368470,B,700.0,25.15,251500.0,XIU,80.0,,,,,,,,,,,,,,
2020-01-30 09:30:40.609000000,Add Order,1580394640609000000,A,369213,S,15700.0,25.22,252200.0,XIU,80.0,,,,,,,,,,,,,,
2020-01-30 09:30:40.633000000,Add Order,1580394640633000000,A,369430,B,700.0,25.15,251500.0,XIU,80.0,,,,,,,,,,,,,,
2020-01-30 09:30:40.756000000,Add Order,1580394640756000000,A,370270,S,700.0,25.21,252100.0,XIU,80.0,,,,,,,,,,,,,,
2020-01-30 09:30:40.901000000,Add Order,1580394640901000000,A,371446,S,700.0,25.21,252100.0,XIU,80.0,,,,,,,,,,,,,,
2020-01-30 09:30:40.938000000,Add Order,1580394640938000000,A,371867,B,700.0,25.15,251500.0,XIU,80.0,,,,,,,,,,,,,,
2020-01-30 09:30:40.988000000,Add Order,1580394640988000000,A,372384,S,8000.0,25.22,252200.0,XIU,80.0,,,,,,,,,,,,,,
2020-01-30 09:30:41.015000000,Add Order,1580394641015000000,A,372658,S,7700.0,25.22,252200.0,XIU,80.0,,,,,,,,,,,,,,
2020-01-30 09:30:41.074000000,Add Order,1580394641074000000,A,373289,B,700.0,25.15,251500.0,XIU,80.0,,,,,,,,,,,,,,
2020-01-30 09:30:41.303000000,Add Order,1580394641303000000,A,375325,B,700.0,25.15,251500.0,XIU,80.0,,,,,,,,,,,,,,
2020-01-30 09:30:41.413000000,Add Order,1580394641413000000,A,376186,S,15700.0,25.22,252200.0,XIU,80.0,,,,,,,,,,,,,,
2020-01-30 09:30:41.432000000,Add Order,1580394641432000000,A,376304,S,15700.0,25.22,252200.0,XIU,80.0,,,,,,,,,,,,,,
2020-01-30 09:30:41.452000000,Add Order,1580394641452000000,A,376523,S,15700.0,25.22,252200.0,XIU,80.0,,,,,,,,,,,,,,
2020-01-30 09:30:41.470000000,Add Order,1580394641470000000,A,376636,B,700.0,25.15,251500.0,XIU,80.0,,,,,,,,,,,,,,
2020-01-30 09:30:41.600000000,Add Order,1580394641600000000,A,377698,B,700.0,25.15,251500.0,XIU,80.0,,,,,,,,,,,,,,
2020-01-30 09:30:41.636000000,Add Order,1580394641636000000,A,378054,B,700.0,25.15,251500.0,XIU,80.0,,,,,,,,,,,,,,
2020-01-30 09:30:41.913000000,Add Order,1580394641913000000,A,222098,S,23900.0,25.21,252100.0,XIU,80.0,,,,,,,,,,,,,,
2020-01-30 09:30:41.913000000,Add Order,1580394641913000000,A,222098,S,31600.0,25.22,252200.0,XIU,80.0,,,,,,,,,,,,,,
2020-01-30 09:30:41.936000000,Add Order,1580394641936000000,A,222098,S,7900.0,25.21,252100.0,XIU,80.0,,,,,,,,,,,,,,
2020-01-30 09:30:41.937000000,Add Order,1580394641937000000,A,222098,S,31600.0,25.22,252200.0,XIU,80.0,,,,,,,,,,,,,,
2020-01-30 09:30:41.937000000,Add Order,1580394641937000000,A,380008,B,700.0,25.15,251500.0,XIU,80.0,,,,,,,,,,,,,,
2020-01-30 09:30:41.961000000,Add Order,1580394641961000000,A,222098,S,7900.0,25.21,252100.0,XIU,80.0,,,,,,,,,,,,,,
2020-01-30 09:30:42.000000000,Add Order,1580394642000000000,A,222098,S,31600.0,25.22,252200.0,XIU,80.0,,,,,,,,,,,,,,
2020-01-30 09:30:42.044000000,Add Order,1580394642044000000,A,222098,S,7900.0,25.21,252100.0,XIU,80.0,,,,,,,,,,,,,,
2020-01-30 09:30:42.064000000,Add Order,1580394642064000000,A,380959,S,700.0,25.2,252000.0,XIU,80.0,,,,,,,,,,,,,,
2020-01-30 09:30:42.064000000,Add Order,1580394642064000000,A,380963,S,16000.0,25.21,252100.0,XIU,80.0,,,,,,,,,,,,,,
2020-01-30 09:30:42.074000000,Add Order,1580394642074000000,A,381014,B,700.0,25.15,251500.0,XIU,80.0,,,,,,,,,,,,,,
2020-01-30 09:30:42.192000000,Add Order,1580394642192000000,A,381714,B,700.0,25.15,251500.0,XIU,80.0,,,,,,,,,,,,,,
2020-01-30 09:30:42.317000000,Add Order,1580394642317000000,A,382402,S,7700.0,25.21,252100.0,XIU,80.0,,,,,,,,,,,,,,
2020-01-30 09:30:42.319000000,Add Order,1580394642319000000,A,382502,S,8000.0,25.21,252100.0,XIU,80.0,,,,,,,,,,,,,,
2020-01-30 09:30:42.319000000,Add Order,1580394642319000000,A,382506,S,8000.0,25.21,252100.0,XIU,80.0,,,,,,,,,,,,,,
2020-01-30 09:30:42.329000000,Add Order,1580394642329000000,A,383048,S,700.0,25.21,252100.0,XIU,80.0,,,,,,,,,,,,,,
2020-01-30 09:30:42.332000000,Add Order,1580394642332000000,A,383188,B,700.0,25.16,251600.0,XIU,80.0,,,,,,,,,,,,,,
2020-01-30 09:30:42.364000000,Add Order,1580394642364000000,A,222098,S,15900.0,25.22,252200.0,XIU,80.0,,,,,,,,,,,,,,
2020-01-30 09:30:42.364000000,Add Order,1580394642364000000,A,384106,S,8000.0,25.22,252200.0,XIU,80.0,,,,,,,,,,,,,,
2020-01-30 09:30:42.603000000,Add Order,1580394642603000000,A,386046,B,700.0,25.16,251600.0,XIU,80.0,,,,,,,,,,,,,,
2020-01-30 09:30:42.667000000,Add Order,1580394642667000000,A,386681,S,700.0,25.21,252100.0,XIU,80.0,,,,,,,,,,,,,,
2020-01-30 09:30:42.753000000,Add Order,1580394642753000000,A,387360,B,700.0,25.16,251600.0,XIU,80.0,,,,,,,,,,,,,,
2020-01-30 09:30:42.890000000,Add Order,1580394642890000000,A,388094,S,700.0,25.21,252100.0,XIU,80.0,,,,,,,,,,,,,,
2020-01-30 09:30:43.055000000,Add Order,1580394643055000000,A,389638,S,8000.0,25.22,252200.0,XIU,80.0,,,,,,,,,,,,,,
2020-01-30 09:30:43.101000000,Add Order,1580394643101000000,A,390097,B,700.0,25.16,251600.0,XIU,80.0,,,,,,,,,,,,,,
2020-01-30 09:30:43.145000000,Add Order,1580394643145000000,A,390426,B,700.0,25.16,251600.0,XIU,80.0,,,,,,,,,,,,,,
2020-01-30 09:30:43.222000000,Add Order,1580394643222000000,A,390892,B,700.0,25.16,251600.0,XIU,80.0,,,,,,,,,,,,,,
2020-01-30 09:30:43.363000000,Add Order,1580394643363000000,A,391711,S,700.0,25.21,252100.0,XIU,80.0,,,,,,,,,,,,,,
2020-01-30 09:30:43.400000000,Add Order,1580394643400000000,A,391891,B,700.0,25.16,251600.0,XIU,80.0,,,,,,,,,,,,,,
2020-01-30 09:30:43.876000000,Add Order,1580394643876000000,A,394423,S,700.0,25.21,252100.0,XIU,80.0,,,,,,,,,,,,,,
2020-01-30 09:30:44.030000000,Add Order,1580394644030000000,A,395461,S,700.0,25.21,252100.0,XIU,80.0,,,,,,,,,,,,,,
2020-01-30 09:30:44.041000000,Add Order,1580394644041000000,A,395637,S,8000.0,25.22,252200.0,XIU,80.0,,,,,,,,,,,,,,
2020-01-30 09:30:44.066000000,Add Order,1580394644066000000,A,396022,S,700.0,25.21,252100.0,XIU,80.0,,,,,,,,,,,,,,
2020-01-30 09:30:44.109000000,Add Order,1580394644109000000,A,396476,S,700.0,25.21,252100.0,XIU,80.0,,,,,,,,,,,,,,
2020-01-30 09:30:44.150000000,Add Order,1580394644150000000,A,397033,S,8000.0,25.22,252200.0,XIU,80.0,,,,,,,,,,,,,,
2020-01-30 09:30:44.161000000,Add Order,1580394644161000000,A,397087,S,700.0,25.21,252100.0,XIU,80.0,,,,,,,,,,,,,,
2020-01-30 09:30:44.201000000,Add Order,1580394644201000000,A,397451,S,700.0,25.21,252100.0,XIU,80.0,,,,,,,,,,,,,,
2020-01-30 09:30:44.346000000,Add Order,1580394644346000000,A,398350,B,700.0,25.16,251600.0,XIU,80.0,,,,,,,,,,,,,,
2020-01-30 09:30:44.377000000,Add Order,1580394644377000000,A,398580,B,700.0,25.16,251600.0,XIU,80.0,,,,,,,,,,,,,,
2020-01-30 09:30:44.429000000,Add Order,1580394644429000000,A,399018,B,700.0,25.16,251600.0,XIU,80.0,,,,,,,,,,,,,,
2020-01-30 09:30:44.536000000,Add Order,1580394644536000000,A,399702,B,700.0,25.15,251500.0,XIU,80.0,,,,,,,,,,,,,,
2020-01-30 09:30:44.538000000,Add Order,1580394644538000000,A,399726,S,7700.0,25.22,252200.0,XIU,80.0,,,,,,,,,,,,,,
2020-01-30 09:30:44.554000000,Add Order,1580394644554000000,A,399860,S,7700.0,25.22,252200.0,XIU,80.0,,,,,,,,,,,,,,
2020-01-30 09:30:44.559000000,Add Order,1580394644559000000,A,399899,S,7700.0,25.22,252200.0,XIU,80.0,,,,,,,,,,,,,,
2020-01-30 09:30:44.565000000,Add Order,1580394644565000000,A,399938,S,7700.0,25.22,252200.0,XIU,80.0,,,,,,,,,,,,,,
2020-01-30 09:30:44.569000000,Add Order,1580394644569000000,A,399964,S,7700.0,25.22,252200.0,XIU,80.0,,,,,,,,,,,,,,
2020-01-30 09:30:44.658000000,Add Order,1580394644658000000,A,400549,S,7700.0,25.22,252200.0,XIU,80.0,,,,,,,,,,,,,,
2020-01-30 09:30:44.935000000,Add Order,1580394644935000000,A,402165,S,700.0,25.21,252100.0,XIU,80.0,,,,,,,,,,,,,,
2020-01-30 09:30:45.004000000,Add Order,1580394645004000000,A,402431,S,7700.0,25.22,252200.0,XIU,80.0,,,,,,,,,,,,,,
2020-01-30 09:30:45.056000000,Add Order,1580394645056000000,A,402905,B,700.0,25.15,251500.0,XIU,80.0,,,,,,,,,,,,,,
2020-01-30 09:30:45.088000000,Add Order,1580394645088000000,A,403169,B,700.0,25.15,251500.0,XIU,80.0,,,,,,,,,,,,,,
2020-01-30 09:30:45.127000000,Add Order,1580394645127000000,A,222098,S,7900.0,25.21,252100.0,XIU,80.0,,,,,,,,,,,,,,
2020-01-30 09:30:45.135000000,Add Order,1580394645135000000,A,403399,S,8000.0,25.21,252100.0,XIU,80.0,,,,,,,,,,,,,,
2020-01-30 09:30:45.198000000,Add Order,1580394645198000000,A,403837,S,8000.0,25.21,252100.0,XIU,80.0,,,,,,,,,,,,,,
2020-01-30 09:30:45.447000000,Add Order,1580394645447000000,A,405071,S,700.0,25.21,252100.0,XIU,80.0,,,,,,,,,,,,,,
2020-01-30 09:30:45.561000000,Add Order,1580394645561000000,A,405849,B,700.0,25.15,251500.0,XIU,80.0,,,,,,,,,,,,,,
2020-01-30 09:30:45.595000000,Add Order,1580394645595000000,A,406169,S,700.0,25.21,252100.0,XIU,80.0,,,,,,,,,,,,,,
2020-01-30 09:30:45.631000000,Add Order,1580394645631000000,A,406493,S,7700.0,25.21,252100.0,XIU,80.0,,,,,,,,,,,,,,
2020-01-30 09:30:45.632000000,Add Order,1580394645632000000,A,406506,S,700.0,25.2,252000.0,XIU,80.0,,,,,,,,,,,,,,
2020-01-30 09:30:45.848000000,Add Order,1580394645848000000,A,407415,S,700.0,25.21,252100.0,XIU,80.0,,,,,,,,,,,,,,
2020-01-30 09:30:45.866000000,Add Order,1580394645866000000,A,407515,S,8000.0,25.21,252100.0,XIU,80.0,,,,,,,,,,,,,,
2020-01-30 09:30:45.941000000,Add Order,1580394645941000000,A,408241,B,700.0,25.15,251500.0,XIU,80.0,,,,,,,,,,,,,,
2020-01-30 09:30:45.987000000,Add Order,1580394645987000000,A,408591,B,700.0,25.16,251600.0,XIU,80.0,,,,,,,,,,,,,,
2020-01-30 09:30:45.987000000,Add Order,1580394645987000000,A,408594,B,700.0,25.15,251500.0,XIU,80.0,,,,,,,,,,,,,,
2020-01-30 09:30:46.080000000,Add Order,1580394646080000000,A,222098,S,31600.0,25.22,252200.0,XIU,80.0,,,,,,,,,,,,,,
2020-01-30 09:30:46.095000000,Add Order,1580394646095000000,A,409641,S,700.0,25.21,252100.0,XIU,80.0,,,,,,,,,,,,,,
2020-01-30 09:30:46.126000000,Add Order,1580394646126000000,A,409978,S,700.0,25.21,252100.0,XIU,80.0,,,,,,,,,,,,,,
2020-01-30 09:30:46.160000000,Add Order,1580394646160000000,A,410202,B,700.0,25.15,251500.0,XIU,80.0,,,,,,,,,,,,,,
2020-01-30 09:30:46.277000000,Add Order,1580394646277000000,A,410806,S,700.0,25.21,252100.0,XIU,80.0,,,,,,,,,,,,,,
2020-01-30 09:30:46.417000000,Add Order,1580394646417000000,A,411589,S,7700.0,25.22,252200.0,XIU,80.0,,,,,,,,,,,,,,
2020-01-30 09:30:46.419000000,Add Order,1580394646419000000,A,411757,B,700.0,25.16,251600.0,XIU,80.0,,,,,,,,,,,,,,
2020-01-30 09:30:46.538000000,Add Order,1580394646538000000,A,363766,B,7900.0,25.2,252000.0,XIU,80.0,,,,,,,,,,,,,,
2020-01-30 09:30:46.893000000,Add Order,1580394646893000000,A,414788,S,16000.0,25.22,252200.0,XIU,80.0,,,,,,,,,,,,,,
2020-01-30 09:30:47.316000000,Add Order,1580394647316000000,A,416952,S,700.0,25.21,252100.0,XIU,80.0,,,,,,,,,,,,,,
2020-01-30 09:30:47.374000000,Add Order,1580394647374000000,A,417401,S,700.0,25.21,252100.0,XIU,80.0,,,,,,,,,,,,,,
2020-01-30 09:30:47.507000000,Add Order,1580394647507000000,A,418187,B,700.0,25.16,251600.0,XIU,80.0,,,,,,,,,,,,,,
2020-01-30 09:30:47.570000000,Add Order,1580394647570000000,A,418475,S,700.0,25.21,252100.0,XIU,80.0,,,,,,,,,,,,,,
2020-01-30 09:30:47.634000000,Add Order,1580394647634000000,A,418711,S,700.0,25.21,252100.0,XIU,80.0,,,,,,,,,,,,,,
2020-01-30 09:30:47.670000000,Add Order,1580394647670000000,A,418893,S,700.0,25.21,252100.0,XIU,80.0,,,,,,,,,,,,,,
2020-01-30 09:30:47.721000000,Add Order,1580394647721000000,A,419232,S,15700.0,25.22,252200.0,XIU,80.0,,,,,,,,,,,,,,
2020-01-30 09:30:47.721000000,Add Order,1580394647721000000,A,419251,S,8000.0,25.22,252200.0,XIU,80.0,,,,,,,,,,,,,,
2020-01-30 09:30:47.721000000,Add Order,1580394647721000000,A,419314,S,7700.0,25.22,252200.0,XIU,80.0,,,,,,,,,,,,,,
2020-01-30 09:30:47.723000000,Add Order,1580394647723000000,A,419413,S,8000.0,25.22,252200.0,XIU,80.0,,,,,,,,,,,,,,
2020-01-30 09:30:47.724000000,Add Order,1580394647724000000,A,419455,B,700.0,25.16,251600.0,XIU,80.0,,,,,,,,,,,,,,
2020-01-30 09:30:47.764000000,Add Order,1580394647764000000,A,419874,S,700.0,25.22,252200.0,XIU,80.0,,,,,,,,,,,,,,
2020-01-30 09:30:47.778000000,Add Order,1580394647778000000,A,419941,B,700.0,25.16,251600.0,XIU,80.0,,,,,,,,,,,,,,
2020-01-30 09:30:47.818000000,Add Order,1580394647818000000,A,420111,S,700.0,25.21,252100.0,XIU,80.0,,,,,,,,,,,,,,
2020-01-30 09:30:47.821000000,Add Order,1580394647821000000,A,420122,S,8000.0,25.22,252200.0,XIU,80.0,,,,,,,,,,,,,,
2020-01-30 09:30:47.964000000,Add Order,1580394647964000000,A,420714,B,700.0,25.16,251600.0,XIU,80.0,,,,,,,,,,,,,,
2020-01-30 09:30:48.371000000,Add Order,1580394648371000000,A,422639,B,700.0,25.16,251600.0,XIU,80.0,,,,,,,,,,,,,,
2020-01-30 09:30:48.616000000,Add Order,1580394648616000000,A,423806,B,700.0,25.16,251600.0,XIU,80.0,,,,,,,,,,,,,,
2020-01-30 09:30:49.067000000,Add Order,1580394649067000000,A,425609,S,7700.0,25.22,252200.0,XIU,80.0,,,,,,,,,,,,,,
2020-01-30 09:30:49.099000000,Add Order,1580394649099000000,A,425759,S,7700.0,25.22,252200.0,XIU,80.0,,,,,,,,,,,,,,
2020-01-30 09:30:49.126000000,Add Order,1580394649126000000,A,425899,S,8000.0,25.22,252200.0,XIU,80.0,,,,,,,,,,,,,,
2020-01-30 09:30:49.126000000,Add Order,1580394649126000000,A,425900,S,8000.0,25.22,252200.0,XIU,80.0,,,,,,,,,,,,,,
2020-01-30 09:30:49.126000000,Add Order,1580394649126000000,A,425901,S,7700.0,25.22,252200.0,XIU,80.0,,,,,,,,,,,,,,
2020-01-30 09:30:49.132000000,Add Order,1580394649132000000,A,425928,S,8000.0,25.22,252200.0,XIU,80.0,,,,,,,,,,,,,,
2020-01-30 09:30:49.143000000,Add Order,1580394649143000000,A,426044,S,8000.0,25.22,252200.0,XIU,80.0,,,,,,,,,,,,,,
2020-01-30 09:30:49.151000000,Add Order,1580394649151000000,A,426069,S,8000.0,25.22,252200.0,XIU,80.0,,,,,,,,,,,,,,
2020-01-30 09:30:49.178000000,Add Order,1580394649178000000,A,426316,S,16000.0,25.22,252200.0,XIU,80.0,,,,,,,,,,,,,,
2020-01-30 09:30:49.179000000,Add Order,1580394649179000000,A,426333,S,7700.0,25.22,252200.0,XIU,80.0,,,,,,,,,,,,,,
2020-01-30 09:30:49.529000000,Add Order,1580394649529000000,A,428466,S,8000.0,25.22,252200.0,XIU,80.0,,,,,,,,,,,,,,
2020-01-30 09:30:49.540000000,Add Order,1580394649540000000,A,428580,S,7700.0,25.22,252200.0,XIU,80.0,,,,,,,,,,,,,,
2020-01-30 09:30:49.571000000,Add Order,1580394649571000000,A,429033,B,700.0,25.16,251600.0,XIU,80.0,,,,,,,,,,,,,,
2020-01-30 09:30:49.671000000,Add Order,1580394649671000000,A,429671,S,7700.0,25.22,252200.0,XIU,80.0,,,,,,,,,,,,,,
2020-01-30 09:30:49.679000000,Add Order,1580394649679000000,A,429738,S,300.0,25.22,252200.0,XIU,80.0,,,,,,,,,,,,,,
2020-01-30 09:30:49.679000000,Add Order,1580394649679000000,A,429739,S,7700.0,25.22,252200.0,XIU,80.0,,,,,,,,,,,,,,
2020-01-30 09:30:49.692000000,Add Order,1580394649692000000,A,429803,B,700.0,25.16,251600.0,XIU,80.0,,,,,,,,,,,,,,
2020-01-30 09:30:49.705000000,Add Order,1580394649705000000,A,429833,S,16000.0,25.22,252200.0,XIU,80.0,,,,,,,,,,,,,,
2020-01-30 09:30:49.705000000,Add Order,1580394649705000000,A,429834,S,7700.0,25.22,252200.0,XIU,80.0,,,,,,,,,,,,,,
2020-01-30 09:30:49.727000000,Add Order,1580394649727000000,A,429957,S,16000.0,25.22,252200.0,XIU,80.0,,,,,,,,,,,,,,
2020-01-30 09:30:49.837000000,Add Order,1580394649837000000,A,430564,S,16000.0,25.22,252200.0,XIU,80.0,,,,,,,,,,,,,,
2020-01-30 09:30:49.863000000,Add Order,1580394649863000000,A,430674,S,7700.0,25.22,252200.0,XIU,80.0,,,,,,,,,,,,,,
2020-01-30 09:30:50.306000000,Add Order,1580394650306000000,A,432702,S,7700.0,25.22,252200.0,XIU,80.0,,,,,,,,,,,,,,
2020-01-30 09:30:50.382000000,Add Order,1580394650382000000,A,433032,S,700.0,25.21,252100.0,XIU,80.0,,,,,,,,,,,,,,
2020-01-30 09:30:50.437000000,Add Order,1580394650437000000,A,433677,S,8000.0,25.22,252200.0,XIU,80.0,,,,,,,,,,,,,,
2020-01-30 09:30:50.438000000,Add Order,1580394650438000000,A,433686,S,8000.0,25.22,252200.0,XIU,80.0,,,,,,,,,,,,,,
2020-01-30 09:30:50.445000000,Add Order,1580394650445000000,A,433806,B,700.0,25.16,251600.0,XIU,80.0,,,,,,,,,,,,,,
2020-01-30 09:30:50.500000000,Add Order,1580394650500000000,A,434392,S,7700.0,25.22,252200.0,XIU,80.0,,,,,,,,,,,,,,
2020-01-30 09:30:50.611000000,Add Order,1580394650611000000,A,435892,B,700.0,25.16,251600.0,XIU,80.0,,,,,,,,,,,,,,
2020-01-30 09:30:50.623000000,Add Order,1580394650623000000,A,363766,B,7900.0,25.19,251900.0,XIU,80.0,,,,,,,,,,,,,,
2020-01-30 09:30:50.691000000,Add Order,1580394650691000000,A,436560,S,8000.0,25.22,252200.0,XIU,80.0,,,,,,,,,,,,,,
2020-01-30 09:30:50.694000000,Add Order,1580394650694000000,A,436582,S,700.0,25.21,252100.0,XIU,80.0,,,,,,,,,,,,,,
2020-01-30 09:30:50.717000000,Add Order,1580394650717000000,A,222098,S,31600.0,25.21,252100.0,XIU,80.0,,,,,,,,,,,,,,
2020-01-30 09:30:50.727000000,Add Order,1580394650727000000,A,437005,S,700.0,25.21,252100.0,XIU,80.0,,,,,,,,,,,,,,
2020-01-30 09:30:50.854000000,Add Order,1580394650854000000,A,438193,S,700.0,25.21,252100.0,XIU,80.0,,,,,,,,,,,,,,
2020-01-30 09:30:50.889000000,Add Order,1580394650889000000,A,438489,B,700.0,25.16,251600.0,XIU,80.0,,,,,,,,,,,,,,
2020-01-30 09:30:51.082000000,Add Order,1580394651082000000,A,440149,S,700.0,25.21,252100.0,XIU,80.0,,,,,,,,,,,,,,
2020-01-30 09:30:51.360000000,Add Order,1580394651360000000,A,441722,B,700.0,25.16,251600.0,XIU,80.0,,,,,,,,,,,,,,
2020-01-30 09:30:51.453000000,Add Order,1580394651453000000,A,442502,S,700.0,25.21,252100.0,XIU,80.0,,,,,,,,,,,,,,
2020-01-30 09:30:51.506000000,Add Order,1580394651506000000,A,442998,S,700.0,25.2,252000.0,XIU,80.0,,,,,,,,,,,,,,
2020-01-30 09:30:51.508000000,Add Order,1580394651508000000,A,443019,B,700.0,25.16,251600.0,XIU,80.0,,,,,,,,,,,,,,
2020-01-30 09:30:51.604000000,Add Order,1580394651604000000,A,443844,B,700.0,25.15,251500.0,XIU,80.0,,,,,,,,,,,,,,
2020-01-30 09:30:52.040000000,Add Order,1580394652040000000,A,446823,S,15700.0,25.21,252100.0,XIU,80.0,,,,,,,,,,,,,,
2020-01-30 09:30:52.041000000,Add Order,1580394652041000000,A,446877,S,23700.0,25.21,252100.0,XIU,80.0,,,,,,,,,,,,,,
2020-01-30 09:30:52.048000000,Add Order,1580394652048000000,A,447023,B,700.0,25.15,251500.0,XIU,80.0,,,,,,,,,,,,,,
2020-01-30 09:30:52.049000000,Add Order,1580394652049000000,A,447058,S,700.0,25.21,252100.0,XIU,80.0,,,,,,,,,,,,,,
2020-01-30 09:30:52.097000000,Add Order,1580394652097000000,A,447739,B,700.0,25.15,251500.0,XIU,80.0,,,,,,,,,,,,,,
2020-01-30 09:30:52.103000000,Add Order,1580394652103000000,A,447829,S,700.0,25.2,252000.0,XIU,80.0,,,,,,,,,,,,,,
2020-01-30 09:30:52.203000000,Add Order,1580394652203000000,A,448766,B,700.0,25.15,251500.0,XIU,80.0,,,,,,,,,,,,,,
2020-01-30 09:30:52.432000000,Add Order,1580394652432000000,A,450799,B,700.0,25.15,251500.0,XIU,80.0,,,,,,,,,,,,,,
2020-01-30 09:30:52.536000000,Add Order,1580394652536000000,A,451599,S,700.0,25.2,252000.0,XIU,80.0,,,,,,,,,,,,,,
2020-01-30 09:30:52.722000000,Add Order,1580394652722000000,A,222098,S,31600.0,25.22,252200.0,XIU,80.0,,,,,,,,,,,,,,
2020-01-30 09:30:52.750000000,Add Order,1580394652750000000,A,453291,S,700.0,25.21,252100.0,XIU,80.0,,,,,,,,,,,,,,
2020-01-30 09:30:52.803000000,Add Order,1580394652803000000,A,453587,S,700.0,25.2,252000.0,XIU,80.0,,,,,,,,,,,,,,
2020-01-30 09:30:52.819000000,Add Order,1580394652819000000,A,222098,S,7900.0,25.21,252100.0,XIU,80.0,,,,,,,,,,,,,,
2020-01-30 09:30:52.820000000,Add Order,1580394652820000000,A,222098,S,15900.0,25.22,252200.0,XIU,80.0,,,,,,,,,,,,,,
2020-01-30 09:30:52.823000000,Add Order,1580394652823000000,A,222098,S,7900.0,25.21,252100.0,XIU,80.0,,,,,,,,,,,,,,
2020-01-30 09:30:52.841000000,Add Order,1580394652841000000,A,454011,S,700.0,25.21,252100.0,XIU,80.0,,,,,,,,,,,,,,
2020-01-30 09:30:52.871000000,Add Order,1580394652871000000,A,222098,S,15900.0,25.22,252200.0,XIU,80.0,,,,,,,,,,,,,,
2020-01-30 09:30:52.873000000,Add Order,1580394652873000000,A,454346,B,700.0,25.16,251600.0,XIU,80.0,,,,,,,,,,,,,,
2020-01-30 09:30:52.875000000,Add Order,1580394652875000000,A,454438,S,700.0,25.21,252100.0,XIU,80.0,,,,,,,,,,,,,,
2020-01-30 09:30:52.907000000,Add Order,1580394652907000000,A,454868,B,700.0,25.16,251600.0,XIU,80.0,,,,,,,,,,,,,,
2020-01-30 09:30:52.957000000,Add Order,1580394652957000000,A,455180,S,700.0,25.21,252100.0,XIU,80.0,,,,,,,,,,,,,,
2020-01-30 09:30:53.055000000,Add Order,1580394653055000000,A,455750,B,700.0,25.16,251600.0,XIU,80.0,,,,,,,,,,,,,,
2020-01-30 09:30:53.105000000,Add Order,1580394653105000000,A,456349,S,700.0,25.21,252100.0,XIU,80.0,,,,,,,,,,,,,,
2020-01-30 09:30:53.140000000,Add Order,1580394653140000000,A,456476,B,700.0,25.16,251600.0,XIU,80.0,,,,,,,,,,,,,,
2020-01-30 09:30:53.583000000,Add Order,1580394653583000000,A,457985,S,8000.0,25.22,252200.0,XIU,80.0,,,,,,,,,,,,,,
2020-01-30 09:30:53.641000000,Add Order,1580394653641000000,A,458512,S,700.0,25.21,252100.0,XIU,80.0,,,,,,,,,,,,,,
2020-01-30 09:30:53.674000000,Add Order,1580394653674000000,A,458713,B,700.0,25.16,251600.0,XIU,80.0,,,,,,,,,,,,,,
2020-01-30 09:30:54.421000000,Add Order,1580394654421000000,A,462135,S,15700.0,25.22,252200.0,XIU,80.0,,,,,,,,,,,,,,
2020-01-30 09:30:54.421000000,Add Order,1580394654421000000,A,462137,S,8000.0,25.22,252200.0,XIU,80.0,,,,,,,,,,,,,,
2020-01-30 09:30:54.471000000,Add Order,1580394654471000000,A,462519,S,16000.0,25.22,252200.0,XIU,80.0,,,,,,,,,,,,,,
2020-01-30 09:30:54.680000000,Add Order,1580394654680000000,A,463936,B,700.0,25.16,251600.0,XIU,80.0,,,,,,,,,,,,,,
2020-01-30 09:30:54.680000000,Add Order,1580394654680000000,A,463937,S,700.0,25.21,252100.0,XIU,80.0,,,,,,,,,,,,,,
2020-01-30 09:30:54.747000000,Add Order,1580394654747000000,A,464161,S,700.0,25.21,252100.0,XIU,80.0,,,,,,,,,,,,,,
2020-01-30 09:30:55.165000000,Add Order,1580394655165000000,A,466103,B,7900.0,25.19,251900.0,XIU,80.0,,,,,,,,,,,,,,
2020-01-30 09:30:55.175000000,Add Order,1580394655175000000,A,466446,S,700.0,25.21,252100.0,XIU,80.0,,,,,,,,,,,,,,
2020-01-30 09:30:55.176000000,Add Order,1580394655176000000,A,466103,B,7900.0,25.2,252000.0,XIU,80.0,,,,,,,,,,,,,,
2020-01-30 09:30:55.212000000,Add Order,1580394655212000000,A,467194,B,700.0,25.16,251600.0,XIU,80.0,,,,,,,,,,,,,,
2020-01-30 09:30:55.244000000,Add Order,1580394655244000000,A,467487,S,700.0,25.21,252100.0,XIU,80.0,,,,,,,,,,,,,,
2020-01-30 09:30:55.303000000,Add Order,1580394655303000000,A,467915,S,8000.0,25.22,252200.0,XIU,80.0,,,,,,,,,,,,,,
2020-01-30 09:30:55.319000000,Add Order,1580394655319000000,A,468007,B,700.0,25.16,251600.0,XIU,80.0,,,,,,,,,,,,,,
2020-01-30 09:30:55.407000000,Add Order,1580394655407000000,A,468619,S,8000.0,25.22,252200.0,XIU,80.0,,,,,,,,,,,,,,
2020-01-30 09:30:55.552000000,Add Order,1580394655552000000,A,469284,S,700.0,25.21,252100.0,XIU,80.0,,,,,,,,,,,,,,
2020-01-30 09:30:55.592000000,Add Order,1580394655592000000,A,469632,S,700.0,25.21,252100.0,XIU,80.0,,,,,,,,,,,,,,
2020-01-30 09:30:55.635000000,Add Order,1580394655635000000,A,469940,S,700.0,25.21,252100.0,XIU,80.0,,,,,,,,,,,,,,
2020-01-30 09:30:55.688000000,Add Order,1580394655688000000,A,470310,B,700.0,25.16,251600.0,XIU,80.0,,,,,,,,,,,,,,
2020-01-30 09:30:55.732000000,Add Order,1580394655732000000,A,470645,S,700.0,25.21,252100.0,XIU,80.0,,,,,,,,,,,,,,
2020-01-30 09:30:55.781000000,Add Order,1580394655781000000,A,470951,S,23700.0,25.22,252200.0,XIU,80.0,,,,,,,,,,,,,,
2020-01-30 09:30:55.807000000,Add Order,1580394655807000000,A,471184,B,700.0,25.17,251700.0,XIU,80.0,,,,,,,,,,,,,,
2020-01-30 09:30:55.852000000,Add Order,1580394655852000000,A,471465,B,700.0,25.16,251600.0,XIU,80.0,,,,,,,,,,,,,,
2020-01-30 09:30:55.903000000,Add Order,1580394655903000000,A,471711,B,700.0,25.17,251700.0,XIU,80.0,,,,,,,,,,,,,,
2020-01-30 09:30:56.020000000,Add Order,1580394656020000000,A,472395,S,7700.0,25.22,252200.0,XIU,80.0,,,,,,,,,,,,,,
2020-01-30 09:30:56.054000000,Add Order,1580394656054000000,A,472751,S,8000.0,25.22,252200.0,XIU,80.0,,,,,,,,,,,,,,
2020-01-30 09:30:56.316000000,Add Order,1580394656316000000,A,474228,S,700.0,25.21,252100.0,XIU,80.0,,,,,,,,,,,,,,
2020-01-30 09:30:56.355000000,Add Order,1580394656355000000,A,474378,B,700.0,25.17,251700.0,XIU,80.0,,,,,,,,,,,,,,
2020-01-30 09:30:56.497000000,Add Order,1580394656497000000,A,474847,S,700.0,25.21,252100.0,XIU,80.0,,,,,,,,,,,,,,
2020-01-30 09:30:56.543000000,Add Order,1580394656543000000,A,475144,S,700.0,25.21,252100.0,XIU,80.0,,,,,,,,,,,,,,
2020-01-30 09:30:56.746000000,Add Order,1580394656746000000,A,476011,S,23700.0,25.22,252200.0,XIU,80.0,,,,,,,,,,,,,,
2020-01-30 09:30:56.755000000,Add Order,1580394656755000000,A,476148,S,700.0,25.21,252100.0,XIU,80.0,,,,,,,,,,,,,,
2020-01-30 09:30:56.908000000,Add Order,1580394656908000000,A,478017,S,700.0,25.22,252200.0,XIU,80.0,,,,,,,,,,,,,,
2020-01-30 09:30:56.908000000,Add Order,1580394656908000000,A,222098,S,23900.0,25.23,252300.0,XIU,80.0,,,,,,,,,,,,,,
2020-01-30 09:30:56.916000000,Add Order,1580394656916000000,A,478238,B,700.0,25.17,251700.0,XIU,80.0,,,,,,,,,,,,,,
2020-01-30 09:30:56.965000000,Add Order,1580394656965000000,A,478807,S,15700.0,25.23,252300.0,XIU,80.0,,,,,,,,,,,,,,
2020-01-30 09:30:57.042000000,Add Order,1580394657042000000,A,222098,S,7900.0,25.22,252200.0,XIU,80.0,,,,,,,,,,,,,,
2020-01-30 09:30:57.072000000,Add Order,1580394657072000000,A,480055,S,23700.0,25.22,252200.0,XIU,80.0,,,,,,,,,,,,,,
2020-01-30 09:30:57.073000000,Add Order,1580394657073000000,A,480099,S,8000.0,25.22,252200.0,XIU,80.0,,,,,,,,,,,,,,
2020-01-30 09:30:57.075000000,Add Order,1580394657075000000,A,480149,S,700.0,25.21,252100.0,XIU,80.0,,,,,,,,,,,,,,
2020-01-30 09:30:57.075000000,Add Order,1580394657075000000,A,480177,S,700.0,25.22,252200.0,XIU,80.0,,,,,,,,,,,,,,
2020-01-30 09:30:57.087000000,Add Order,1580394657087000000,A,480296,S,8000.0,25.22,252200.0,XIU,80.0,,,,,,,,,,,,,,
2020-01-30 09:30:57.088000000,Add Order,1580394657088000000,A,480303,B,700.0,25.17,251700.0,XIU,80.0,,,,,,,,,,,,,,
2020-01-30 09:30:57.113000000,Add Order,1580394657113000000,A,480613,S,8000.0,25.22,252200.0,XIU,80.0,,,,,,,,,,,,,,
2020-01-30 09:30:57.126000000,Add Order,1580394657126000000,A,480696,S,8000.0,25.22,252200.0,XIU,80.0,,,,,,,,,,,,,,
2020-01-30 09:30:57.145000000,Add Order,1580394657145000000,A,480787,S,700.0,25.21,252100.0,XIU,80.0,,,,,,,,,,,,,,
2020-01-30 09:30:57.355000000,Add Order,1580394657355000000,A,481817,S,8000.0,25.22,252200.0,XIU,80.0,,,,,,,,,,,,,,
2020-01-30 09:30:57.373000000,Add Order,1580394657373000000,A,481995,S,700.0,25.21,252100.0,XIU,80.0,,,,,,,,,,,,,,
2020-01-30 09:30:57.407000000,Add Order,1580394657407000000,A,482218,B,700.0,25.17,251700.0,XIU,80.0,,,,,,,,,,,,,,
2020-01-30 09:30:57.420000000,Add Order,1580394657420000000,A,222098,S,15900.0,25.23,252300.0,XIU,80.0,,,,,,,,,,,,,,
2020-01-30 09:30:57.499000000,Add Order,1580394657499000000,A,222098,S,7900.0,25.22,252200.0,XIU,80.0,,,,,,,,,,,,,,
2020-01-30 09:30:57.508000000,Add Order,1580394657508000000,A,482988,S,700.0,25.21,252100.0,XIU,80.0,,,,,,,,,,,,,,
2020-01-30 09:30:57.526000000,Add Order,1580394657526000000,A,483196,S,8000.0,25.22,252200.0,XIU,80.0,,,,,,,,,,,,,,
2020-01-30 09:30:57.542000000,Add Order,1580394657542000000,A,483278,S,8000.0,25.22,252200.0,XIU,80.0,,,,,,,,,,,,,,
2020-01-30 09:30:57.554000000,Add Order,1580394657554000000,A,483346,B,700.0,25.17,251700.0,XIU,80.0,,,,,,,,,,,,,,
2020-01-30 09:30:57.556000000,Add Order,1580394657556000000,A,483433,S,700.0,25.22,252200.0,XIU,80.0,,,,,,,,,,,,,,
2020-01-30 09:30:57.648000000,Add Order,1580394657648000000,A,222098,S,7900.0,25.23,252300.0,XIU,80.0,,,,,,,,,,,,,,
2020-01-30 09:30:57.696000000,Add Order,1580394657696000000,A,484326,B,700.0,25.17,251700.0,XIU,80.0,,,,,,,,,,,,,,
2020-01-30 09:30:57.762000000,Add Order,1580394657762000000,A,485112,S,700.0,25.22,252200.0,XIU,80.0,,,,,,,,,,,,,,
2020-01-30 09:30:57.799000000,Add Order,1580394657799000000,A,485448,B,700.0,25.17,251700.0,XIU,80.0,,,,,,,,,,,,,,
2020-01-30 09:30:57.960000000,Add Order,1580394657960000000,A,486304,S,700.0,25.22,252200.0,XIU,80.0,,,,,,,,,,,,,,
2020-01-30 09:30:58.044000000,Add Order,1580394658044000000,A,486764,S,8000.0,25.23,252300.0,XIU,80.0,,,,,,,,,,,,,,
2020-01-30 09:30:58.093000000,Add Order,1580394658093000000,A,486907,B,700.0,25.17,251700.0,XIU,80.0,,,,,,,,,,,,,,
2020-01-30 09:30:58.142000000,Add Order,1580394658142000000,A,487294,S,700.0,25.22,252200.0,XIU,80.0,,,,,,,,,,,,,,
2020-01-30 09:30:58.180000000,Add Order,1580394658180000000,A,487598,S,700.0,25.22,252200.0,XIU,80.0,,,,,,,,,,,,,,
2020-01-30 09:30:58.218000000,Add Order,1580394658218000000,A,487756,B,700.0,25.17,251700.0,XIU,80.0,,,,,,,,,,,,,,
2020-01-30 09:30:58.556000000,Add Order,1580394658556000000,A,489655,B,700.0,25.17,251700.0,XIU,80.0,,,,,,,,,,,,,,
2020-01-30 09:30:58.644000000,Add Order,1580394658644000000,A,490209,S,700.0,25.22,252200.0,XIU,80.0,,,,,,,,,,,,,,
2020-01-30 09:30:58.794000000,Add Order,1580394658794000000,A,491458,S,16000.0,25.23,252300.0,XIU,80.0,,,,,,,,,,,,,,
2020-01-30 09:30:58.824000000,Add Order,1580394658824000000,A,492131,S,700.0,25.22,252200.0,XIU,80.0,,,,,,,,,,,,,,
2020-01-30 09:30:58.990000000,Add Order,1580394658990000000,A,493596,B,700.0,25.17,251700.0,XIU,80.0,,,,,,,,,,,,,,
2020-01-30 09:30:59.154000000,Add Order,1580394659154000000,A,495054,B,700.0,25.17,251700.0,XIU,80.0,,,,,,,,,,,,,,
2020-01-30 09:30:59.198000000,Add Order,1580394659198000000,A,495509,S,700.0,25.22,252200.0,XIU,80.0,,,,,,,,,,,,,,
2020-01-30 09:30:59.233000000,Add Order,1580394659233000000,A,495735,S,700.0,25.22,252200.0,XIU,80.0,,,,,,,,,,,,,,
2020-01-30 09:30:59.442000000,Add Order,1580394659442000000,A,497374,B,7900.0,25.2,252000.0,XIU,80.0,,,,,,,,,,,,,,
2020-01-30 09:30:59.473000000,Add Order,1580394659473000000,A,497928,B,700.0,25.17,251700.0,XIU,80.0,,,,,,,,,,,,,,
2020-01-30 09:30:59.612000000,Add Order,1580394659612000000,A,498764,B,700.0,25.17,251700.0,XIU,80.0,,,,,,,,,,,,,,
2020-01-30 09:30:59.655000000,Add Order,1580394659655000000,A,499096,S,700.0,25.22,252200.0,XIU,80.0,,,,,,,,,,,,,,
2020-01-30 09:30:59.695000000,Add Order,1580394659695000000,A,499329,B,700.0,25.17,251700.0,XIU,80.0,,,,,,,,,,,,,,
2020-01-30 09:30:59.785000000,Add Order,1580394659785000000,A,500033,S,700.0,25.22,252200.0,XIU,80.0,,,,,,,,,,,,,,
2020-01-30 09:30:59.818000000,Add Order,1580394659818000000,A,500177,S,700.0,25.22,252200.0,XIU,80.0,,,,,,,,,,,,,,
2020-01-30 09:31:00.030000000,Add Order,1580394660030000000,A,501593,S,8000.0,25.23,252300.0,XIU,80.0,,,,,,,,,,,,,,
2020-01-30 09:31:00.071000000,Add Order,1580394660071000000,A,502028,B,700.0,25.17,251700.0,XIU,80.0,,,,,,,,,,,,,,
2020-01-30 09:31:00.129000000,Add Order,1580394660129000000,A,502362,B,700.0,25.17,251700.0,XIU,80.0,,,,,,,,,,,,,,
2020-01-30 09:31:00.160000000,Add Order,1580394660160000000,A,502647,B,700.0,25.17,251700.0,XIU,80.0,,,,,,,,,,,,,,
2020-01-30 09:31:00.195000000,Add Order,1580394660195000000,A,502834,B,700.0,25.17,251700.0,XIU,80.0,,,,,,,,,,,,,,
2020-01-30 09:31:00.209000000,Add Order,1580394660209000000,A,503045,S,8000.0,25.23,252300.0,XIU,80.0,,,,,,,,,,,,,,
2020-01-30 09:31:00.209000000,Add Order,1580394660209000000,A,503055,B,7900.0,25.2,252000.0,XIU,80.0,,,,,,,,,,,,,,
2020-01-30 09:31:00.215000000,Add Order,1580394660215000000,A,503212,B,700.0,25.18,251800.0,XIU,80.0,,,,,,,,,,,,,,
2020-01-30 09:31:00.399000000,Add Order,1580394660399000000,A,504231,B,700.0,25.17,251700.0,XIU,80.0,,,,,,,,,,,,,,
2020-01-30 09:31:00.455000000,Add Order,1580394660455000000,A,504420,B,700.0,25.18,251800.0,XIU,80.0,,,,,,,,,,,,,,
2020-01-30 09:31:00.507000000,Add Order,1580394660507000000,A,504653,B,7900.0,25.21,252100.0,XIU,80.0,,,,,,,,,,,,,,
2020-01-30 09:31:00.569000000,Add Order,1580394660569000000,A,505215,B,700.0,25.17,251700.0,XIU,80.0,,,,,,,,,,,,,,
2020-01-30 09:31:00.629000000,Add Order,1580394660629000000,A,505851,S,700.0,25.22,252200.0,XIU,80.0,,,,,,,,,,,,,,
2020-01-30 09:31:00.660000000,Add Order,1580394660660000000,A,506251,S,700.0,25.22,252200.0,XIU,80.0,,,,,,,,,,,,,,
2020-01-30 09:31:00.696000000,Add Order,1580394660696000000,A,506607,S,700.0,25.22,252200.0,XIU,80.0,,,,,,,,,,,,,,
2020-01-30 09:31:00.744000000,Add Order,1580394660744000000,A,507019,S,700.0,25.22,252200.0,XIU,80.0,,,,,,,,,,,,,,
2020-01-30 09:31:00.918000000,Add Order,1580394660918000000,A,508663,S,700.0,25.22,252200.0,XIU,80.0,,,,,,,,,,,,,,
2020-01-30 09:31:00.949000000,Add Order,1580394660949000000,A,509154,B,700.0,25.17,251700.0,XIU,80.0,,,,,,,,,,,,,,
2020-01-30 09:31:00.992000000,Add Order,1580394660992000000,A,509885,S,700.0,25.22,252200.0,XIU,80.0,,,,,,,,,,,,,,
2020-01-30 09:31:01.138000000,Add Order,1580394661138000000,A,511759,S,16000.0,25.23,252300.0,XIU,80.0,,,,,,,,,,,,,,
2020-01-30 09:31:01.171000000,Add Order,1580394661171000000,A,512255,S,700.0,25.22,252200.0,XIU,80.0,,,,,,,,,,,,,,
2020-01-30 09:31:01.242000000,Add Order,1580394661242000000,A,512975,B,700.0,25.17,251700.0,XIU,80.0,,,,,,,,,,,,,,
2020-01-30 09:31:01.273000000,Add Order,1580394661273000000,A,513250,S,700.0,25.22,252200.0,XIU,80.0,,,,,,,,,,,,,,
2020-01-30 09:31:01.316000000,Add Order,1580394661316000000,A,513556,S,700.0,25.22,252200.0,XIU,80.0,,,,,,,,,,,,,,
2020-01-30 09:31:01.462000000,Add Order,1580394661462000000,A,514465,S,8000.0,25.23,252300.0,XIU,80.0,,,,,,,,,,,,,,
2020-01-30 09:31:01.660000000,Add Order,1580394661660000000,A,516026,S,700.0,25.22,252200.0,XIU,80.0,,,,,,,,,,,,,,
2020-01-30 09:31:01.695000000,Add Order,1580394661695000000,A,516442,B,700.0,25.17,251700.0,XIU,80.0,,,,,,,,,,,,,,
2020-01-30 09:31:01.745000000,Add Order,1580394661745000000,A,516964,B,700.0,25.17,251700.0,XIU,80.0,,,,,,,,,,,,,,
2020-01-30 09:31:01.747000000,Add Order,1580394661747000000,A,517059,S,23700.0,25.23,252300.0,XIU,80.0,,,,,,,,,,,,,,
2020-01-30 09:31:01.750000000,Add Order,1580394661750000000,A,517315,S,8000.0,25.23,252300.0,XIU,80.0,,,,,,,,,,,,,,
2020-01-30 09:31:01.751000000,Add Order,1580394661751000000,A,517379,S,7700.0,25.23,252300.0,XIU,80.0,,,,,,,,,,,,,,
2020-01-30 09:31:01.758000000,Add Order,1580394661758000000,A,517813,B,700.0,25.18,251800.0,XIU,80.0,,,,,,,,,,,,,,
2020-01-30 09:31:01.777000000,Add Order,1580394661777000000,A,518678,S,700.0,25.22,252200.0,XIU,80.0,,,,,,,,,,,,,,
2020-01-30 09:31:01.824000000,Add Order,1580394661824000000,A,519657,S,700.0,25.22,252200.0,XIU,80.0,,,,,,,,,,,,,,
2020-01-30 09:31:02.130000000,Add Order,1580394662130000000,A,522847,S,16000.0,25.23,252300.0,XIU,80.0,,,,,,,,,,,,,,
2020-01-30 09:31:02.592000000,Add Order,1580394662592000000,A,526447,S,8000.0,25.23,252300.0,XIU,80.0,,,,,,,,,,,,,,
2020-01-30 09:31:02.824000000,Add Order,1580394662824000000,A,528481,B,700.0,25.18,251800.0,XIU,80.0,,,,,,,,,,,,,,
2020-01-30 09:31:02.850000000,Add Order,1580394662850000000,A,528662,S,700.0,25.23,252300.0,XIU,80.0,,,,,,,,,,,,,,
2020-01-30 09:31:02.893000000,Add Order,1580394662893000000,A,528918,S,700.0,25.23,252300.0,XIU,80.0,,,,,,,,,,,,,,
2020-01-30 09:31:02.925000000,Add Order,1580394662925000000,A,529232,B,700.0,25.18,251800.0,XIU,80.0,,,,,,,,,,,,,,
2020-01-30 09:31:02.958000000,Add Order,1580394662958000000,A,529645,S,700.0,25.23,252300.0,XIU,80.0,,,,,,,,,,,,,,
2020-01-30 09:31:02.991000000,Add Order,1580394662991000000,A,530019,B,700.0,25.18,251800.0,XIU,80.0,,,,,,,,,,,,,,
2020-01-30 09:31:03.027000000,Add Order,1580394663027000000,A,530677,S,700.0,25.23,252300.0,XIU,80.0,,,,,,,,,,,,,,
2020-01-30 09:31:03.082000000,Add Order,1580394663082000000,A,531156,S,700.0,25.23,252300.0,XIU,80.0,,,,,,,,,,,,,,
2020-01-30 09:31:03.114000000,Add Order,1580394663114000000,A,531835,B,700.0,25.18,251800.0,XIU,80.0,,,,,,,,,,,,,,
2020-01-30 09:31:03.150000000,Add Order,1580394663150000000,A,532103,S,700.0,25.23,252300.0,XIU,80.0,,,,,,,,,,,,,,
2020-01-30 09:31:03.192000000,Add Order,1580394663192000000,A,532436,B,700.0,25.18,251800.0,XIU,80.0,,,,,,,,,,,,,,
2020-01-30 09:31:03.239000000,Add Order,1580394663239000000,A,532815,S,700.0,25.23,252300.0,XIU,80.0,,,,,,,,,,,,,,
2020-01-30 09:31:03.393000000,Add Order,1580394663393000000,A,222098,S,7900.0,25.24,252400.0,XIU,80.0,,,,,,,,,,,,,,
2020-01-30 09:31:03.479000000,Add Order,1580394663479000000,A,535007,S,8000.0,25.24,252400.0,XIU,80.0,,,,,,,,,,,,,,
2020-01-30 09:31:03.488000000,Add Order,1580394663488000000,A,535116,S,8000.0,25.24,252400.0,XIU,80.0,,,,,,,,,,,,,,
2020-01-30 09:31:03.501000000,Add Order,1580394663501000000,A,535340,S,8000.0,25.24,252400.0,XIU,80.0,,,,,,,,,,,,,,
2020-01-30 09:31:03.790000000,Add Order,1580394663790000000,A,537997,S,16000.0,25.24,252400.0,XIU,80.0,,,,,,,,,,,,,,
2020-01-30 09:31:03.809000000,Add Order,1580394663809000000,A,538104,S,7700.0,25.24,252400.0,XIU,80.0,,,,,,,,,,,,,,
2020-01-30 09:31:03.824000000,Add Order,1580394663824000000,A,538253,B,700.0,25.18,251800.0,XIU,80.0,,,,,,,,,,,,,,
2020-01-30 09:31:03.824000000,Add Order,1580394663824000000,A,538256,S,700.0,25.24,252400.0,XIU,80.0,,,,,,,,,,,,,,
2020-01-30 09:31:03.852000000,Add Order,1580394663852000000,A,538375,S,8000.0,25.24,252400.0,XIU,80.0,,,,,,,,,,,,,,
2020-01-30 09:31:03.874000000,Add Order,1580394663874000000,A,538652,S,8000.0,25.24,252400.0,XIU,80.0,,,,,,,,,,,,,,
2020-01-30 09:31:03.969000000,Add Order,1580394663969000000,A,539436,S,8000.0,25.24,252400.0,XIU,80.0,,,,,,,,,,,,,,
2020-01-30 09:31:04.016000000,Add Order,1580394664016000000,A,539739,S,8000.0,25.24,252400.0,XIU,80.0,,,,,,,,,,,,,,
2020-01-30 09:31:04.023000000,Add Order,1580394664023000000,A,539834,S,8000.0,25.24,252400.0,XIU,80.0,,,,,,,,,,,,,,
2020-01-30 09:31:04.078000000,Add Order,1580394664078000000,A,540227,S,8000.0,25.24,252400.0,XIU,80.0,,,,,,,,,,,,,,
2020-01-30 09:31:04.119000000,Add Order,1580394664119000000,A,540490,S,7700.0,25.24,252400.0,XIU,80.0,,,,,,,,,,,,,,
2020-01-30 09:31:04.165000000,Add Order,1580394664165000000,A,541043,B,700.0,25.18,251800.0,XIU,80.0,,,,,,,,,,,,,,
2020-01-30 09:31:04.168000000,Add Order,1580394664168000000,A,541190,S,23700.0,25.24,252400.0,XIU,80.0,,,,,,,,,,,,,,
2020-01-30 09:31:04.301000000,Add Order,1580394664301000000,A,542197,S,8000.0,25.24,252400.0,XIU,80.0,,,,,,,,,,,,,,
2020-01-30 09:31:04.302000000,Add Order,1580394664302000000,A,542208,S,8000.0,25.24,252400.0,XIU,80.0,,,,,,,,,,,,,,
2020-01-30 09:31:04.302000000,Add Order,1580394664302000000,A,542219,S,7700.0,25.24,252400.0,XIU,80.0,,,,,,,,,,,,,,
2020-01-30 09:31:04.304000000,Add Order,1580394664304000000,A,222098,S,7900.0,25.23,252300.0,XIU,80.0,,,,,,,,,,,,,,
2020-01-30 09:31:04.305000000,Add Order,1580394664305000000,A,222098,S,23900.0,25.24,252400.0,XIU,80.0,,,,,,,,,,,,,,
2020-01-30 09:31:04.507000000,Add Order,1580394664507000000,A,543455,B,700.0,25.18,251800.0,XIU,80.0,,,,,,,,,,,,,,
2020-01-30 09:31:04.538000000,Add Order,1580394664538000000,A,543745,S,700.0,25.24,252400.0,XIU,80.0,,,,,,,,,,,,,,
2020-01-30 09:31:04.570000000,Add Order,1580394664570000000,A,544124,B,700.0,25.18,251800.0,XIU,80.0,,,,,,,,,,,,,,
2020-01-30 09:31:04.570000000,Add Order,1580394664570000000,A,544132,S,7700.0,25.24,252400.0,XIU,80.0,,,,,,,,,,,,,,
2020-01-30 09:31:04.671000000,Add Order,1580394664671000000,A,545322,S,7700.0,25.24,252400.0,XIU,80.0,,,,,,,,,,,,,,
2020-01-30 09:31:04.694000000,Add Order,1580394664694000000,A,545544,S,7700.0,25.24,252400.0,XIU,80.0,,,,,,,,,,,,,,
2020-01-30 09:31:04.706000000,Add Order,1580394664706000000,A,545606,B,700.0,25.18,251800.0,XIU,80.0,,,,,,,,,,,,,,
2020-01-30 09:31:05.081000000,Add Order,1580394665081000000,A,548873,S,7700.0,25.24,252400.0,XIU,80.0,,,,,,,,,,,,,,
2020-01-30 09:31:05.105000000,Add Order,1580394665105000000,A,549170,B,700.0,25.18,251800.0,XIU,80.0,,,,,,,,,,,,,,
2020-01-30 09:31:05.155000000,Add Order,1580394665155000000,A,549429,B,700.0,25.18,251800.0,XIU,80.0,,,,,,,,,,,,,,
2020-01-30 09:31:05.333000000,Add Order,1580394665333000000,A,550640,S,700.0,25.24,252400.0,XIU,80.0,,,,,,,,,,,,,,
2020-01-30 09:31:05.380000000,Add Order,1580394665380000000,A,551116,B,700.0,25.18,251800.0,XIU,80.0,,,,,,,,,,,,,,
2020-01-30 09:31:05.443000000,Add Order,1580394665443000000,A,551506,S,700.0,25.24,252400.0,XIU,80.0,,,,,,,,,,,,,,
2020-01-30 09:31:05.478000000,Add Order,1580394665478000000,A,551835,B,700.0,25.18,251800.0,XIU,80.0,,,,,,,,,,,,,,
2020-01-30 09:31:05.834000000,Add Order,1580394665834000000,A,554459,S,700.0,25.24,252400.0,XIU,80.0,,,,,,,,,,,,,,
2020-01-30 09:31:05.982000000,Add Order,1580394665982000000,A,555417,S,700.0,25.24,252400.0,XIU,80.0,,,,,,,,,,,,,,
2020-01-30 09:31:06.028000000,Add Order,1580394666028000000,A,555690,S,8000.0,25.24,252400.0,XIU,80.0,,,,,,,,,,,,,,
2020-01-30 09:31:06.040000000,Add Order,1580394666040000000,A,555733,S,700.0,25.24,252400.0,XIU,80.0,,,,,,,,,,,,,,
2020-01-30 09:31:06.070000000,Add Order,1580394666070000000,A,222098,S,7900.0,25.23,252300.0,XIU,80.0,,,,,,,,,,,,,,
2020-01-30 09:31:06.073000000,Add Order,1580394666073000000,A,222098,S,23900.0,25.24,252400.0,XIU,80.0,,,,,,,,,,,,,,
2020-01-30 09:31:06.092000000,Add Order,1580394666092000000,A,556369,S,700.0,25.24,252400.0,XIU,80.0,,,,,,,,,,,,,,
2020-01-30 09:31:06.130000000,Add Order,1580394666130000000,A,556686,S,700.0,25.24,252400.0,XIU,80.0,,,,,,,,,,,,,,
2020-01-30 09:31:06.459000000,Add Order,1580394666459000000,A,559297,S,16000.0,25.24,252400.0,XIU,80.0,,,,,,,,,,,,,,
2020-01-30 09:31:06.466000000,Add Order,1580394666466000000,A,559655,S,700.0,25.24,252400.0,XIU,80.0,,,,,,,,,,,,,,
2020-01-30 09:31:06.592000000,Add Order,1580394666592000000,A,561527,S,8000.0,25.24,252400.0,XIU,80.0,,,,,,,,,,,,,,
2020-01-30 09:31:06.631000000,Add Order,1580394666631000000,A,561868,S,8000.0,25.24,252400.0,XIU,80.0,,,,,,,,,,,,,,
2020-01-30 09:31:06.673000000,Add Order,1580394666673000000,A,562397,B,700.0,25.18,251800.0,XIU,80.0,,,,,,,,,,,,,,
2020-01-30 09:31:06.754000000,Add Order,1580394666754000000,A,563283,S,8000.0,25.24,252400.0,XIU,80.0,,,,,,,,,,,,,,
2020-01-30 09:31:06.778000000,Add Order,1580394666778000000,A,563558,B,700.0,25.18,251800.0,XIU,80.0,,,,,,,,,,,,,,
2020-01-30 09:31:06.831000000,Add Order,1580394666831000000,A,564303,S,700.0,25.23,252300.0,XIU,80.0,,,,,,,,,,,,,,
2020-01-30 09:31:06.832000000,Add Order,1580394666832000000,A,564327,S,7700.0,25.24,252400.0,XIU,80.0,,,,,,,,,,,,,,
2020-01-30 09:31:06.833000000,Add Order,1580394666833000000,A,222098,S,7900.0,25.23,252300.0,XIU,80.0,,,,,,,,,,,,,,
2020-01-30 09:31:06.834000000,Add Order,1580394666834000000,A,564416,S,8000.0,25.23,252300.0,XIU,80.0,,,,,,,,,,,,,,
2020-01-30 09:31:06.835000000,Add Order,1580394666835000000,A,564459,S,8000.0,25.23,252300.0,XIU,80.0,,,,,,,,,,,,,,
2020-01-30 09:31:06.981000000,Add Order,1580394666981000000,A,222098,S,23900.0,25.24,252400.0,XIU,80.0,,,,,,,,,,,,,,
2020-01-30 09:31:07.227000000,Add Order,1580394667227000000,A,566760,B,700.0,25.18,251800.0,XIU,80.0,,,,,,,,,,,,,,
2020-01-30 09:31:07.362000000,Add Order,1580394667362000000,A,567535,B,700.0,25.18,251800.0,XIU,80.0,,,,,,,,,,,,,,
2020-01-30 09:31:07.397000000,Add Order,1580394667397000000,A,567767,S,700.0,25.23,252300.0,XIU,80.0,,,,,,,,,,,,,,
2020-01-30 09:31:07.430000000,Add Order,1580394667430000000,A,567933,S,700.0,25.23,252300.0,XIU,80.0,,,,,,,,,,,,,,
2020-01-30 09:31:07.522000000,Add Order,1580394667522000000,A,568682,B,700.0,25.17,251700.0,XIU,80.0,,,,,,,,,,,,,,
2020-01-30 09:31:07.572000000,Add Order,1580394667572000000,A,569172,B,700.0,25.18,251800.0,XIU,80.0,,,,,,,,,,,,,,
2020-01-30 09:31:07.594000000,Add Order,1580394667594000000,A,569447,B,700.0,25.17,251700.0,XIU,80.0,,,,,,,,,,,,,,
2020-01-30 09:31:07.644000000,Add Order,1580394667644000000,A,570113,B,700.0,25.18,251800.0,XIU,80.0,,,,,,,,,,,,,,
2020-01-30 09:31:07.654000000,Add Order,1580394667654000000,A,570251,S,700.0,25.23,252300.0,XIU,80.0,,,,,,,,,,,,,,
2020-01-30 09:31:07.696000000,Add Order,1580394667696000000,A,570623,S,700.0,25.23,252300.0,XIU,80.0,,,,,,,,,,,,,,
2020-01-30 09:31:07.703000000,Add Order,1580394667703000000,A,570715,B,700.0,25.17,251700.0,XIU,80.0,,,,,,,,,,,,,,
2020-01-30 09:31:07.753000000,Add Order,1580394667753000000,A,571290,B,700.0,25.18,251800.0,XIU,80.0,,,,,,,,,,,,,,
2020-01-30 09:31:07.770000000,Add Order,1580394667770000000,A,571404,S,700.0,25.23,252300.0,XIU,80.0,,,,,,,,,,,,,,
2020-01-30 09:31:07.859000000,Add Order,1580394667859000000,A,572090,B,700.0,25.17,251700.0,XIU,80.0,,,,,,,,,,,,,,
2020-01-30 09:31:08.061000000,Add Order,1580394668061000000,A,573274,B,700.0,25.17,251700.0,XIU,80.0,,,,,,,,,,,,,,
2020-01-30 09:31:08.073000000,Add Order,1580394668073000000,A,222098,S,7900.0,25.23,252300.0,XIU,80.0,,,,,,,,,,,,,,
2020-01-30 09:31:08.096000000,Add Order,1580394668096000000,A,222098,S,23900.0,25.24,252400.0,XIU,80.0,,,,,,,,,,,,,,
2020-01-30 09:31:08.149000000,Add Order,1580394668149000000,A,574108,B,700.0,25.18,251800.0,XIU,80.0,,,,,,,,,,,,,,
2020-01-30 09:31:08.154000000,Add Order,1580394668154000000,A,574130,S,700.0,25.23,252300.0,XIU,80.0,,,,,,,,,,,,,,
2020-01-30 09:31:09.016000000,Add Order,1580394669016000000,A,578818,B,23900.0,25.21,252100.0,XIU,80.0,,,,,,,,,,,,,,
2020-01-30 09:31:09.016000000,Add Order,1580394669016000000,A,578820,S,15900.0,25.24,252400.0,XIU,80.0,,,,,,,,,,,,,,
2020-01-30 09:31:09.155000000,Add Order,1580394669155000000,A,579853,B,700.0,25.18,251800.0,XIU,80.0,,,,,,,,,,,,,,
2020-01-30 09:31:09.155000000,Add Order,1580394669155000000,A,579855,S,700.0,25.23,252300.0,XIU,80.0,,,,,,,,,,,,,,
2020-01-30 09:31:09.285000000,Add Order,1580394669285000000,A,580506,B,700.0,25.18,251800.0,XIU,80.0,,,,,,,,,,,,,,
2020-01-30 09:31:09.608000000,Add Order,1580394669608000000,A,578818,B,23900.0,25.22,252200.0,XIU,80.0,,,,,,,,,,,,,,
2020-01-30 09:31:09.609000000,Add Order,1580394669609000000,A,582168,B,7700.0,25.22,252200.0,XIU,80.0,,,,,,,,,,,,,,
2020-01-30 09:31:09.619000000,Add Order,1580394669619000000,A,582263,B,700.0,25.18,251800.0,XIU,80.0,,,,,,,,,,,,,,
2020-01-30 09:31:09.626000000,Add Order,1580394669626000000,A,582336,S,16000.0,25.24,252400.0,XIU,80.0,,,,,,,,,,,,,,
2020-01-30 09:31:09.852000000,Add Order,1580394669852000000,A,583647,B,700.0,25.18,251800.0,XIU,80.0,,,,,,,,,,,,,,
2020-01-30 09:31:09.931000000,Add Order,1580394669931000000,A,584197,S,700.0,25.23,252300.0,XIU,80.0,,,,,,,,,,,,,,
2020-01-30 09:31:09.963000000,Add Order,1580394669963000000,A,584367,S,700.0,25.23,252300.0,XIU,80.0,,,,,,,,,,,,,,
2020-01-30 09:31:10.108000000,Add Order,1580394670108000000,A,585090,S,700.0,25.23,252300.0,XIU,80.0,,,,,,,,,,,,,,
2020-01-30 09:31:10.234000000,Add Order,1580394670234000000,A,586000,B,700.0,25.18,251800.0,XIU,80.0,,,,,,,,,,,,,,
2020-01-30 09:31:10.290000000,Add Order,1580394670290000000,A,586316,S,700.0,25.23,252300.0,XIU,80.0,,,,,,,,,,,,,,
2020-01-30 09:31:10.338000000,Add Order,1580394670338000000,A,586729,S,700.0,25.23,252300.0,XIU,80.0,,,,,,,,,,,,,,
2020-01-30 09:31:10.407000000,Add Order,1580394670407000000,A,587212,S,700.0,25.23,252300.0,XIU,80.0,,,,,,,,,,,,,,
2020-01-30 09:31:10.441000000,Add Order,1580394670441000000,A,587371,S,700.0,25.23,252300.0,XIU,80.0,,,,,,,,,,,,,,
2020-01-30 09:31:10.450000000,Add Order,1580394670450000000,A,587520,B,7700.0,25.22,252200.0,XIU,80.0,,,,,,,,,,,,,,
2020-01-30 09:31:10.458000000,Add Order,1580394670458000000,A,587644,B,23700.0,25.22,252200.0,XIU,80.0,,,,,,,,,,,,,,
2020-01-30 09:31:10.475000000,Add Order,1580394670475000000,A,587738,S,700.0,25.23,252300.0,XIU,80.0,,,,,,,,,,,,,,
2020-01-30 09:31:10.507000000,Add Order,1580394670507000000,A,587904,S,700.0,25.23,252300.0,XIU,80.0,,,,,,,,,,,,,,
2020-01-30 09:31:10.555000000,Add Order,1580394670555000000,A,588341,S,8000.0,25.24,252400.0,XIU,80.0,,,,,,,,,,,,,,
2020-01-30 09:31:10.581000000,Add Order,1580394670581000000,A,588553,B,700.0,25.18,251800.0,XIU,80.0,,,,,,,,,,,,,,
2020-01-30 09:31:10.652000000,Add Order,1580394670652000000,A,589098,S,700.0,25.23,252300.0,XIU,80.0,,,,,,,,,,,,,,
2020-01-30 09:31:10.716000000,Add Order,1580394670716000000,A,589498,S,8000.0,25.24,252400.0,XIU,80.0,,,,,,,,,,,,,,
2020-01-30 09:31:10.858000000,Add Order,1580394670858000000,A,590464,S,700.0,25.23,252300.0,XIU,80.0,,,,,,,,,,,,,,
2020-01-30 09:31:10.895000000,Add Order,1580394670895000000,A,590864,B,700.0,25.18,251800.0,XIU,80.0,,,,,,,,,,,,,,
2020-01-30 09:31:11.204000000,Add Order,1580394671204000000,A,592375,B,7700.0,25.22,252200.0,XIU,80.0,,,,,,,,,,,,,,
2020-01-30 09:31:11.370000000,Add Order,1580394671370000000,A,593700,B,7700.0,25.22,252200.0,XIU,80.0,,,,,,,,,,,,,,
2020-01-30 09:31:11.567000000,Add Order,1580394671567000000,A,595289,B,8000.0,25.22,252200.0,XIU,80.0,,,,,,,,,,,,,,
2020-01-30 09:31:11.569000000,Add Order,1580394671569000000,A,595297,S,8000.0,25.24,252400.0,XIU,80.0,,,,,,,,,,,,,,
2020-01-30 09:31:11.602000000,Add Order,1580394671602000000,A,595459,B,8000.0,25.22,252200.0,XIU,80.0,,,,,,,,,,,,,,
2020-01-30 09:31:11.644000000,Add Order,1580394671644000000,A,595755,S,8000.0,25.24,252400.0,XIU,80.0,,,,,,,,,,,,,,
2020-01-30 09:31:11.798000000,Add Order,1580394671798000000,A,596532,S,8000.0,25.24,252400.0,XIU,80.0,,,,,,,,,,,,,,
2020-01-30 09:31:11.830000000,Add Order,1580394671830000000,A,596789,S,8000.0,25.24,252400.0,XIU,80.0,,,,,,,,,,,,,,
2020-01-30 09:31:11.896000000,Add Order,1580394671896000000,A,597503,B,700.0,25.18,251800.0,XIU,80.0,,,,,,,,,,,,,,
2020-01-30 09:31:11.896000000,Add Order,1580394671896000000,A,597505,S,700.0,25.24,252400.0,XIU,80.0,,,,,,,,,,,,,,
2020-01-30 09:31:11.969000000,Add Order,1580394671969000000,A,597945,S,700.0,25.24,252400.0,XIU,80.0,,,,,,,,,,,,,,
2020-01-30 09:31:12.071000000,Add Order,1580394672071000000,A,598461,S,700.0,25.24,252400.0,XIU,80.0,,,,,,,,,,,,,,
2020-01-30 09:31:12.271000000,Add Order,1580394672271000000,A,599478,B,700.0,25.18,251800.0,XIU,80.0,,,,,,,,,,,,,,
2020-01-30 09:31:12.309000000,Add Order,1580394672309000000,A,599627,B,700.0,25.18,251800.0,XIU,80.0,,,,,,,,,,,,,,
2020-01-30 09:31:12.568000000,Add Order,1580394672568000000,A,600680,S,8000.0,25.24,252400.0,XIU,80.0,,,,,,,,,,,,,,
2020-01-30 09:31:12.897000000,Add Order,1580394672897000000,A,603126,S,16000.0,25.24,252400.0,XIU,80.0,,,,,,,,,,,,,,
2020-01-30 09:31:13.042000000,Add Order,1580394673042000000,A,603949,B,15700.0,25.22,252200.0,XIU,80.0,,,,,,,,,,,,,,
2020-01-30 09:31:13.043000000,Add Order,1580394673043000000,A,603963,S,8000.0,25.24,252400.0,XIU,80.0,,,,,,,,,,,,,,
2020-01-30 09:31:13.093000000,Add Order,1580394673093000000,A,604419,S,8000.0,25.24,252400.0,XIU,80.0,,,,,,,,,,,,,,
2020-01-30 09:31:13.120000000,Add Order,1580394673120000000,A,604551,B,700.0,25.18,251800.0,XIU,80.0,,,,,,,,,,,,,,
2020-01-30 09:31:13.127000000,Add Order,1580394673127000000,A,604569,S,8000.0,25.24,252400.0,XIU,80.0,,,,,,,,,,,,,,
2020-01-30 09:31:13.484000000,Add Order,1580394673484000000,A,605893,B,15700.0,25.22,252200.0,XIU,80.0,,,,,,,,,,,,,,
2020-01-30 09:31:13.494000000,Add Order,1580394673494000000,A,605923,S,8000.0,25.24,252400.0,XIU,80.0,,,,,,,,,,,,,,
2020-01-30 09:31:13.543000000,Add Order,1580394673543000000,A,606414,B,700.0,25.18,251800.0,XIU,80.0,,,,,,,,,,,,,,
2020-01-30 09:31:13.578000000,Add Order,1580394673578000000,A,606565,B,700.0,25.18,251800.0,XIU,80.0,,,,,,,,,,,,,,
2020-01-30 09:31:13.645000000,Add Order,1580394673645000000,A,607146,B,700.0,25.18,251800.0,XIU,80.0,,,,,,,,,,,,,,
2020-01-30 09:31:13.741000000,Add Order,1580394673741000000,A,608010,S,700.0,25.24,252400.0,XIU,80.0,,,,,,,,,,,,,,
2020-01-30 09:31:13.759000000,Add Order,1580394673759000000,A,608383,S,8000.0,25.24,252400.0,XIU,80.0,,,,,,,,,,,,,,
2020-01-30 09:31:13.804000000,Add Order,1580394673804000000,A,608794,S,7700.0,25.24,252400.0,XIU,80.0,,,,,,,,,,,,,,
2020-01-30 09:31:13.815000000,Add Order,1580394673815000000,A,608949,S,700.0,25.24,252400.0,XIU,80.0,,,,,,,,,,,,,,
2020-01-30 09:31:13.887000000,Add Order,1580394673887000000,A,609487,S,700.0,25.24,252400.0,XIU,80.0,,,,,,,,,,,,,,
2020-01-30 09:31:14.054000000,Add Order,1580394674054000000,A,610219,S,7700.0,25.24,252400.0,XIU,80.0,,,,,,,,,,,,,,
2020-01-30 09:31:14.121000000,Add Order,1580394674121000000,A,610699,B,700.0,25.18,251800.0,XIU,80.0,,,,,,,,,,,,,,
2020-01-30 09:31:14.207000000,Add Order,1580394674207000000,A,611278,S,700.0,25.23,252300.0,XIU,80.0,,,,,,,,,,,,,,
2020-01-30 09:31:14.209000000,Add Order,1580394674209000000,A,611295,S,700.0,25.24,252400.0,XIU,80.0,,,,,,,,,,,,,,
2020-01-30 09:31:14.245000000,Add Order,1580394674245000000,A,611493,B,8000.0,25.22,252200.0,XIU,80.0,,,,,,,,,,,,,,
2020-01-30 09:31:14.245000000,Add Order,1580394674245000000,A,611495,B,15700.0,25.22,252200.0,XIU,80.0,,,,,,,,,,,,,,
2020-01-30 09:31:14.251000000,Add Order,1580394674251000000,A,611573,B,300.0,25.22,252200.0,XIU,80.0,,,,,,,,,,,,,,
2020-01-30 09:31:14.251000000,Add Order,1580394674251000000,A,611575,B,15700.0,25.22,252200.0,XIU,80.0,,,,,,,,,,,,,,
2020-01-30 09:31:14.274000000,Add Order,1580394674274000000,A,611733,S,700.0,25.24,252400.0,XIU,80.0,,,,,,,,,,,,,,
2020-01-30 09:31:14.277000000,Add Order,1580394674277000000,A,611808,B,7700.0,25.22,252200.0,XIU,80.0,,,,,,,,,,,,,,
2020-01-30 09:31:14.282000000,Add Order,1580394674282000000,A,611838,S,700.0,25.23,252300.0,XIU,80.0,,,,,,,,,,,,,,
2020-01-30 09:31:14.289000000,Add Order,1580394674289000000,A,611883,S,16000.0,25.24,252400.0,XIU,80.0,,,,,,,,,,,,,,
2020-01-30 09:31:14.292000000,Add Order,1580394674292000000,A,611890,S,700.0,25.24,252400.0,XIU,80.0,,,,,,,,,,,,,,
2020-01-30 09:31:14.365000000,Add Order,1580394674365000000,A,612224,B,700.0,25.18,251800.0,XIU,80.0,,,,,,,,,,,,,,
