time,Msg Type,Time Stamp,Message Type,Order Reference,Buy/Sell Indicator,Shares,Price Decimal,Price,Stock,Broker,Executed Shares,Trade Reference,Contra Order Reference,Trade Attribute,Contra Broker,Cancelled Shares,Cross Type,Settlement Terms,Event Code,Trading State,Listing Market,Board Lot Size,Currency,GEF Eligible
2020-01-30 09:30:00.970000000,Add Order,1580394600970000000,A,72877,S,8000.0,25.23,252300.0,XIU,2.0,,,,,,,,,,,,,,
2020-01-30 09:30:00.970000000,Add Order,1580394600970000000,A,72878,B,8000.0,25.1,251000.0,XIU,2.0,,,,,,,,,,,,,,
2020-01-30 09:30:00.970000000,Add Order,1580394600970000000,A,72880,S,8000.0,25.22,252200.0,XIU,2.0,,,,,,,,,,,,,,
2020-01-30 09:30:00.970000000,Add Order,1580394600970000000,A,72883,B,8000.0,25.11,251100.0,XIU,2.0,,,,,,,,,,,,,,
2020-01-30 09:30:01.006000000,Add Order,1580394601006000000,A,73496,B,8000.0,25.12,251200.0,XIU,2.0,,,,,,,,,,,,,,
2020-01-30 09:30:01.043000000,Add Order,1580394601043000000,A,74578,B,8000.0,25.1,251000.0,XIU,2.0,,,,,,,,,,,,,,
2020-01-30 09:30:01.098000000,Add Order,1580394601098000000,A,75583,B,8000.0,25.12,251200.0,XIU,2.0,,,,,,,,,,,,,,
2020-01-30 09:30:02.234000000,Add Order,1580394602234000000,A,93214,B,8000.0,25.1,251000.0,XIU,2.0,,,,,,,,,,,,,,
2020-01-30 09:30:02.349000000,Add Order,1580394602349000000,A,94733,S,8000.0,25.21,252100.0,XIU,2.0,,,,,,,,,,,,,,
2020-01-30 09:30:02.411000000,Add Order,1580394602411000000,A,95376,B,8000.0,25.12,251200.0,XIU,2.0,,,,,,,,,,,,,,
2020-01-30 09:30:02.571000000,Add Order,1580394602571000000,A,97471,B,8000.0,25.12,251200.0,XIU,2.0,,,,,,,,,,,,,,
2020-01-30 09:30:02.571000000,Add Order,1580394602571000000,A,97474,B,8000.0,25.1,251000.0,XIU,2.0,,,,,,,,,,,,,,
2020-01-30 09:30:02.755000000,Add Order,1580394602755000000,A,99251,S,8000.0,25.23,252300.0,XIU,2.0,,,,,,,,,,,,,,
2020-01-30 09:30:03.584000000,Add Order,1580394603584000000,A,107957,S,8000.0,25.21,252100.0,XIU,2.0,,,,,,,,,,,,,,
2020-01-30 09:30:03.806000000,Add Order,1580394603806000000,A,109924,B,8000.0,25.1,251000.0,XIU,2.0,,,,,,,,,,,,,,
2020-01-30 09:30:04.194000000,Add Order,1580394604194000000,A,113845,S,8000.0,25.23,252300.0,XIU,2.0,,,,,,,,,,,,,,
2020-01-30 09:30:04.419000000,Add Order,1580394604419000000,A,115580,B,8000.0,25.1,251000.0,XIU,2.0,,,,,,,,,,,,,,
2020-01-30 09:30:04.956000000,Add Order,1580394604956000000,A,120096,S,8000.0,25.22,252200.0,XIU,2.0,,,,,,,,,,,,,,
2020-01-30 09:30:05.001000000,Add Order,1580394605001000000,A,120749,B,8000.0,25.12,251200.0,XIU,2.0,,,,,,,,,,,,,,
2020-01-30 09:30:05.003000000,Add Order,1580394605003000000,A,120823,S,8000.0,25.21,252100.0,XIU,2.0,,,,,,,,,,,,,,
2020-01-30 09:30:05.605000000,Add Order,1580394605605000000,A,126625,B,8000.0,25.12,251200.0,XIU,2.0,,,,,,,,,,,,,,
2020-01-30 09:30:05.605000000,Add Order,1580394605605000000,A,126631,B,8000.0,25.1,251000.0,XIU,2.0,,,,,,,,,,,,,,
2020-01-30 09:30:05.610000000,Add Order,1580394605610000000,A,126783,S,8000.0,25.2,252000.0,XIU,2.0,,,,,,,,,,,,,,
2020-01-30 09:30:06.305000000,Add Order,1580394606305000000,A,131395,S,8000.0,25.23,252300.0,XIU,2.0,,,,,,,,,,,,,,
2020-01-30 09:30:06.411000000,Add Order,1580394606411000000,A,132333,B,8000.0,25.12,251200.0,XIU,2.0,,,,,,,,,,,,,,
2020-01-30 09:30:07.467000000,Add Order,1580394607467000000,A,139411,B,8000.0,25.13,251300.0,XIU,2.0,,,,,,,,,,,,,,
2020-01-30 09:30:07.478000000,Add Order,1580394607478000000,A,139760,S,8000.0,25.24,252400.0,XIU,2.0,,,,,,,,,,,,,,
2020-01-30 09:30:08.881000000,Add Order,1580394608881000000,A,149554,S,8000.0,25.22,252200.0,XIU,2.0,,,,,,,,,,,,,,
2020-01-30 09:30:08.890000000,Add Order,1580394608890000000,A,149635,S,8000.0,25.24,252400.0,XIU,2.0,,,,,,,,,,,,,,
2020-01-30 09:30:09.195000000,Add Order,1580394609195000000,A,152108,S,8000.0,25.22,252200.0,XIU,2.0,,,,,,,,,,,,,,
2020-01-30 09:30:10.026000000,Add Order,1580394610026000000,A,157579,S,8000.0,25.24,252400.0,XIU,2.0,,,,,,,,,,,,,,
2020-01-30 09:30:10.253000000,Add Order,1580394610253000000,A,160712,S,8000.0,25.22,252200.0,XIU,2.0,,,,,,,,,,,,,,
2020-01-30 09:30:10.253000000,Add Order,1580394610253000000,A,160719,S,8000.0,25.21,252100.0,XIU,2.0,,,,,,,,,,,,,,
2020-01-30 09:30:10.259000000,Add Order,1580394610259000000,A,160868,S,8000.0,25.23,252300.0,XIU,2.0,,,,,,,,,,,,,,
2020-01-30 09:30:10.259000000,Add Order,1580394610259000000,A,160875,S,8000.0,25.24,252400.0,XIU,2.0,,,,,,,,,,,,,,
2020-01-30 09:30:10.299000000,Add Order,1580394610299000000,A,161527,S,8000.0,25.25,252500.0,XIU,2.0,,,,,,,,,,,,,,
2020-01-30 09:30:10.355000000,Add Order,1580394610355000000,A,162048,B,8000.0,25.14,251400.0,XIU,2.0,,,,,,,,,,,,,,
2020-01-30 09:30:10.495000000,Add Order,1580394610495000000,A,163111,S,8000.0,25.23,252300.0,XIU,2.0,,,,,,,,,,,,,,
2020-01-30 09:30:10.723000000,Add Order,1580394610723000000,A,164868,B,8000.0,25.12,251200.0,XIU,2.0,,,,,,,,,,,,,,
2020-01-30 09:30:11.208000000,Add Order,1580394611208000000,A,167952,S,8000.0,25.22,252200.0,XIU,2.0,,,,,,,,,,,,,,
2020-01-30 09:30:13.307000000,Add Order,1580394613307000000,A,180074,B,8000.0,25.11,251100.0,XIU,2.0,,,,,,,,,,,,,,
2020-01-30 09:30:14.551000000,Add Order,1580394614551000000,A,186734,B,8000.0,25.1,251000.0,XIU,2.0,,,,,,,,,,,,,,
2020-01-30 09:30:15.013000000,Add Order,1580394615013000000,A,189178,B,8000.0,25.12,251200.0,XIU,2.0,,,,,,,,,,,,,,
2020-01-30 09:30:23.103000000,Add Order,1580394623103000000,A,243337,B,8000.0,25.13,251300.0,XIU,2.0,,,,,,,,,,,,,,
2020-01-30 09:30:23.549000000,Add Order,1580394623549000000,A,245715,B,8000.0,25.11,251100.0,XIU,2.0,,,,,,,,,,,,,,
2020-01-30 09:30:23.549000000,Add Order,1580394623549000000,A,245721,B,8000.0,25.13,251300.0,XIU,2.0,,,,,,,,,,,,,,
2020-01-30 09:30:23.660000000,Add Order,1580394623660000000,A,246377,B,8000.0,25.13,251300.0,XIU,2.0,,,,,,,,,,,,,,
2020-01-30 09:30:23.843000000,Add Order,1580394623843000000,A,247551,B,8000.0,25.11,251100.0,XIU,2.0,,,,,,,,,,,,,,
2020-01-30 09:30:24.763000000,Add Order,1580394624763000000,A,256116,B,8000.0,25.13,251300.0,XIU,2.0,,,,,,,,,,,,,,
2020-01-30 09:30:26.955000000,Add Order,1580394626955000000,A,272699,B,8000.0,25.11,251100.0,XIU,2.0,,,,,,,,,,,,,,
2020-01-30 09:30:26.955000000,Add Order,1580394626955000000,A,272709,B,8000.0,25.13,251300.0,XIU,2.0,,,,,,,,,,,,,,
2020-01-30 09:30:26.965000000,Add Order,1580394626965000000,A,272736,B,8000.0,25.11,251100.0,XIU,2.0,,,,,,,,,,,,,,
2020-01-30 09:30:26.965000000,Add Order,1580394626965000000,A,272757,B,8000.0,25.13,251300.0,XIU,2.0,,,,,,,,,,,,,,
2020-01-30 09:30:26.980000000,Add Order,1580394626980000000,A,272893,B,8000.0,25.11,251100.0,XIU,2.0,,,,,,,,,,,,,,
2020-01-30 09:30:27.503000000,Add Order,1580394627503000000,A,276793,B,8000.0,25.13,251300.0,XIU,2.0,,,,,,,,,,,,,,
2020-01-30 09:30:31.157000000,Add Order,1580394631157000000,A,302169,S,8000.0,25.24,252400.0,XIU,2.0,,,,,,,,,,,,,,
2020-01-30 09:30:31.158000000,Add Order,1580394631158000000,A,302211,B,8000.0,25.14,251400.0,XIU,2.0,,,,,,,,,,,,,,
2020-01-30 09:30:31.242000000,Add Order,1580394631242000000,A,304177,S,8000.0,25.25,252500.0,XIU,2.0,,,,,,,,,,,,,,
2020-01-30 09:30:31.444000000,Add Order,1580394631444000000,A,305815,S,8000.0,25.23,252300.0,XIU,2.0,,,,,,,,,,,,,,
2020-01-30 09:30:31.464000000,Add Order,1580394631464000000,A,305976,S,8000.0,25.25,252500.0,XIU,2.0,,,,,,,,,,,,,,
2020-01-30 09:30:31.464000000,Add Order,1580394631464000000,A,305980,S,8000.0,25.23,252300.0,XIU,2.0,,,,,,,,,,,,,,
2020-01-30 09:30:31.577000000,Add Order,1580394631577000000,A,306653,S,8000.0,25.25,252500.0,XIU,2.0,,,,,,,,,,,,,,
2020-01-30 09:30:32.377000000,Add Order,1580394632377000000,A,311585,S,8000.0,25.23,252300.0,XIU,2.0,,,,,,,,,,,,,,
2020-01-30 09:30:33.331000000,Add Order,1580394633331000000,A,318400,B,8000.0,25.12,251200.0,XIU,2.0,,,,,,,,,,,,,,
2020-01-30 09:30:33.331000000,Add Order,1580394633331000000,A,318408,B,8000.0,25.14,251400.0,XIU,2.0,,,,,,,,,,,,,,
2020-01-30 09:30:33.395000000,Add Order,1580394633395000000,A,319063,B,8000.0,25.12,251200.0,XIU,2.0,,,,,,,,,,,,,,
2020-01-30 09:30:33.395000000,Add Order,1580394633395000000,A,319080,B,8000.0,25.14,251400.0,XIU,2.0,,,,,,,,,,,,,,
2020-01-30 09:30:33.442000000,Add Order,1580394633442000000,A,319396,B,8000.0,25.12,251200.0,XIU,2.0,,,,,,,,,,,,,,
2020-01-30 09:30:33.877000000,Add Order,1580394633877000000,A,321905,B,8000.0,25.14,251400.0,XIU,2.0,,,,,,,,,,,,,,
2020-01-30 09:30:34.263000000,Add Order,1580394634263000000,A,324616,B,8000.0,25.12,251200.0,XIU,2.0,,,,,,,,,,,,,,
2020-01-30 09:30:34.263000000,Add Order,1580394634263000000,A,324620,B,8000.0,25.14,251400.0,XIU,2.0,,,,,,,,,,,,,,
2020-01-30 09:30:35.037000000,Add Order,1580394635037000000,A,328220,B,8000.0,25.12,251200.0,XIU,2.0,,,,,,,,,,,,,,
2020-01-30 09:30:35.037000000,Add Order,1580394635037000000,A,328223,B,8000.0,25.14,251400.0,XIU,2.0,,,,,,,,,,,,,,
2020-01-30 09:30:35.052000000,Add Order,1580394635052000000,A,328379,B,8000.0,25.12,251200.0,XIU,2.0,,,,,,,,,,,,,,
2020-01-30 09:30:35.052000000,Add Order,1580394635052000000,A,328381,B,8000.0,25.14,251400.0,XIU,2.0,,,,,,,,,,,,,,
2020-01-30 09:30:35.220000000,Add Order,1580394635220000000,A,329268,B,8000.0,25.12,251200.0,XIU,2.0,,,,,,,,,,,,,,
2020-01-30 09:30:35.795000000,Add Order,1580394635795000000,A,333304,B,8000.0,25.14,251400.0,XIU,2.0,,,,,,,,,,,,,,
2020-01-30 09:30:35.797000000,Add Order,1580394635797000000,A,333381,B,8000.0,25.12,251200.0,XIU,2.0,,,,,,,,,,,,,,
2020-01-30 09:30:35.797000000,Add Order,1580394635797000000,A,333389,B,8000.0,25.14,251400.0,XIU,2.0,,,,,,,,,,,,,,
2020-01-30 09:30:35.810000000,Add Order,1580394635810000000,A,333583,B,8000.0,25.12,251200.0,XIU,2.0,,,,,,,,,,,,,,
2020-01-30 09:30:36.577000000,Add Order,1580394636577000000,A,337969,B,8000.0,25.14,251400.0,XIU,2.0,,,,,,,,,,,,,,
2020-01-30 09:30:36.577000000,Add Order,1580394636577000000,A,337998,B,8000.0,25.12,251200.0,XIU,2.0,,,,,,,,,,,,,,
2020-01-30 09:30:37.126000000,Add Order,1580394637126000000,A,340960,B,8000.0,25.14,251400.0,XIU,2.0,,,,,,,,,,,,,,
2020-01-30 09:30:37.921000000,Add Order,1580394637921000000,A,346718,S,8000.0,25.25,252500.0,XIU,2.0,,,,,,,,,,,,,,
2020-01-30 09:30:38.165000000,Add Order,1580394638165000000,A,348448,S,8000.0,25.23,252300.0,XIU,2.0,,,,,,,,,,,,,,
2020-01-30 09:30:38.166000000,Add Order,1580394638166000000,A,348455,S,8000.0,25.25,252500.0,XIU,2.0,,,,,,,,,,,,,,
2020-01-30 09:30:39.198000000,Add Order,1580394639198000000,A,356617,S,8000.0,25.23,252300.0,XIU,2.0,,,,,,,,,,,,,,
2020-01-30 09:30:39.395000000,Add Order,1580394639395000000,A,358678,S,8000.0,25.25,252500.0,XIU,2.0,,,,,,,,,,,,,,
2020-01-30 09:30:39.395000000,Add Order,1580394639395000000,A,358683,S,8000.0,25.23,252300.0,XIU,2.0,,,,,,,,,,,,,,
2020-01-30 09:30:39.396000000,Add Order,1580394639396000000,A,358749,S,8000.0,25.25,252500.0,XIU,2.0,,,,,,,,,,,,,,
2020-01-30 09:30:39.713000000,Add Order,1580394639713000000,A,361213,S,8000.0,25.22,252200.0,XIU,2.0,,,,,,,,,,,,,,
2020-01-30 09:30:39.713000000,Add Order,1580394639713000000,A,361215,S,8000.0,25.23,252300.0,XIU,2.0,,,,,,,,,,,,,,
2020-01-30 09:30:39.713000000,Add Order,1580394639713000000,A,361220,S,8000.0,25.25,252500.0,XIU,2.0,,,,,,,,,,,,,,
2020-01-30 09:30:39.713000000,Add Order,1580394639713000000,A,361221,S,8000.0,25.24,252400.0,XIU,2.0,,,,,,,,,,,,,,
2020-01-30 09:30:39.714000000,Add Order,1580394639714000000,A,361225,S,8000.0,25.23,252300.0,XIU,2.0,,,,,,,,,,,,,,
2020-01-30 09:30:39.714000000,Add Order,1580394639714000000,A,361227,S,8000.0,25.25,252500.0,XIU,2.0,,,,,,,,,,,,,,
2020-01-30 09:30:40.222000000,Add Order,1580394640222000000,A,365833,S,8000.0,25.23,252300.0,XIU,2.0,,,,,,,,,,,,,,
2020-01-30 09:30:40.222000000,Add Order,1580394640222000000,A,365834,B,8000.0,25.12,251200.0,XIU,2.0,,,,,,,,,,,,,,
2020-01-30 09:30:40.242000000,Add Order,1580394640242000000,A,366007,B,8000.0,25.14,251400.0,XIU,2.0,,,,,,,,,,,,,,
2020-01-30 09:30:40.763000000,Add Order,1580394640763000000,A,370389,S,8000.0,25.22,252200.0,XIU,2.0,,,,,,,,,,,,,,
2020-01-30 09:30:40.763000000,Add Order,1580394640763000000,A,370408,S,8000.0,25.24,252400.0,XIU,2.0,,,,,,,,,,,,,,
2020-01-30 09:30:40.764000000,Add Order,1580394640764000000,A,370433,S,8000.0,25.22,252200.0,XIU,2.0,,,,,,,,,,,,,,
2020-01-30 09:30:40.766000000,Add Order,1580394640766000000,A,370456,S,8000.0,25.24,252400.0,XIU,2.0,,,,,,,,,,,,,,
2020-01-30 09:30:41.727000000,Add Order,1580394641727000000,A,378631,B,8000.0,25.12,251200.0,XIU,2.0,,,,,,,,,,,,,,
2020-01-30 09:30:42.052000000,Add Order,1580394642052000000,A,380888,S,8000.0,25.22,252200.0,XIU,2.0,,,,,,,,,,,,,,
2020-01-30 09:30:42.316000000,Add Order,1580394642316000000,A,382237,S,8000.0,25.21,252100.0,XIU,2.0,,,,,,,,,,,,,,
2020-01-30 09:30:42.317000000,Add Order,1580394642317000000,A,382345,S,8000.0,25.23,252300.0,XIU,2.0,,,,,,,,,,,,,,
2020-01-30 09:30:42.327000000,Add Order,1580394642327000000,A,382886,S,8000.0,25.24,252400.0,XIU,2.0,,,,,,,,,,,,,,
2020-01-30 09:30:42.327000000,Add Order,1580394642327000000,A,382891,B,8000.0,25.14,251400.0,XIU,2.0,,,,,,,,,,,,,,
2020-01-30 09:30:44.545000000,Add Order,1580394644545000000,A,399793,S,8000.0,25.22,252200.0,XIU,2.0,,,,,,,,,,,,,,
2020-01-30 09:30:45.632000000,Add Order,1580394645632000000,A,406502,B,8000.0,25.12,251200.0,XIU,2.0,,,,,,,,,,,,,,
2020-01-30 09:30:45.913000000,Add Order,1580394645913000000,A,407891,B,8000.0,25.14,251400.0,XIU,2.0,,,,,,,,,,,,,,
2020-01-30 09:30:46.418000000,Add Order,1580394646418000000,A,411692,S,8000.0,25.24,252400.0,XIU,2.0,,,,,,,,,,,,,,
2020-01-30 09:30:50.922000000,Add Order,1580394650922000000,A,438810,S,8000.0,25.22,252200.0,XIU,2.0,,,,,,,,,,,,,,
2020-01-30 09:30:51.900000000,Add Order,1580394651900000000,A,445563,B,8000.0,25.12,251200.0,XIU,2.0,,,,,,,,,,,,,,
2020-01-30 09:30:52.046000000,Add Order,1580394652046000000,A,446973,B,8000.0,25.14,251400.0,XIU,2.0,,,,,,,,,,,,,,
2020-01-30 09:30:52.389000000,Add Order,1580394652389000000,A,450370,B,8000.0,25.12,251200.0,XIU,2.0,,,,,,,,,,,,,,
2020-01-30 09:30:52.748000000,Add Order,1580394652748000000,A,453261,B,8000.0,25.14,251400.0,XIU,2.0,,,,,,,,,,,,,,
2020-01-30 09:30:55.165000000,Add Order,1580394655165000000,A,466121,S,8000.0,25.24,252400.0,XIU,2.0,,,,,,,,,,,,,,
2020-01-30 09:30:55.407000000,Add Order,1580394655407000000,A,468618,B,8000.0,25.15,251500.0,XIU,2.0,,,,,,,,,,,,,,
2020-01-30 09:30:57.555000000,Add Order,1580394657555000000,A,483409,S,8000.0,25.25,252500.0,XIU,2.0,,,,,,,,,,,,,,
2020-01-30 09:30:57.685000000,Add Order,1580394657685000000,A,484257,S,8000.0,25.23,252300.0,XIU,2.0,,,,,,,,,,,,,,
2020-01-30 09:30:58.797000000,Add Order,1580394658797000000,A,491680,S,8000.0,25.25,252500.0,XIU,2.0,,,,,,,,,,,,,,
2020-01-30 09:30:59.442000000,Add Order,1580394659442000000,A,497354,B,8000.0,25.16,251600.0,XIU,2.0,,,,,,,,,,,,,,
2020-01-30 09:31:03.483000000,Add Order,1580394663483000000,A,535021,S,8000.0,25.26,252600.0,XIU,2.0,,,,,,,,,,,,,,
2020-01-30 09:31:05.519000000,Add Order,1580394665519000000,A,552087,S,8000.0,25.27,252700.0,XIU,2.0,,,,,,,,,,,,,,
2020-01-30 09:31:05.827000000,Add Order,1580394665827000000,A,554403,S,8000.0,25.25,252500.0,XIU,2.0,,,,,,,,,,,,,,
2020-01-30 09:31:06.461000000,Add Order,1580394666461000000,A,559369,S,8000.0,25.27,252700.0,XIU,2.0,,,,,,,,,,,,,,
2020-01-30 09:31:06.679000000,Add Order,1580394666679000000,A,562569,S,8000.0,25.25,252500.0,XIU,2.0,,,,,,,,,,,,,,
2020-01-30 09:31:11.986000000,Add Order,1580394671986000000,A,598076,B,8000.0,25.17,251700.0,XIU,2.0,,,,,,,,,,,,,,
2020-01-30 09:31:14.668000000,Add Order,1580394674668000000,A,613993,S,8000.0,25.27,252700.0,XIU,2.0,,,,,,,,,,,,,,
2020-01-30 09:31:14.668000000,Add Order,1580394674668000000,A,614066,S,8000.0,25.25,252500.0,XIU,2.0,,,,,,,,,,,,,,
2020-01-30 09:31:15.408000000,Add Order,1580394675408000000,A,618979,S,8000.0,25.27,252700.0,XIU,2.0,,,,,,,,,,,,,,
2020-01-30 09:31:15.408000000,Add Order,1580394675408000000,A,618983,S,8000.0,25.28,252800.0,XIU,2.0,,,,,,,,,,,,,,
2020-01-30 09:31:15.409000000,Add Order,1580394675409000000,A,619015,S,8000.0,25.25,252500.0,XIU,2.0,,,,,,,,,,,,,,
2020-01-30 09:31:15.409000000,Add Order,1580394675409000000,A,619019,S,8000.0,25.26,252600.0,XIU,2.0,,,,,,,,,,,,,,
2020-01-30 09:31:16.128000000,Add Order,1580394676128000000,A,622967,S,8000.0,25.28,252800.0,XIU,2.0,,,,,,,,,,,,,,
2020-01-30 09:31:16.128000000,Add Order,1580394676128000000,A,622969,S,8000.0,25.27,252700.0,XIU,2.0,,,,,,,,,,,,,,
2020-01-30 09:31:16.129000000,Add Order,1580394676129000000,A,623015,S,8000.0,25.26,252600.0,XIU,2.0,,,,,,,,,,,,,,
2020-01-30 09:31:16.550000000,Add Order,1580394676550000000,A,625793,S,8000.0,25.25,252500.0,XIU,2.0,,,,,,,,,,,,,,
2020-01-30 09:31:17.487000000,Add Order,1580394677487000000,A,632074,B,8000.0,25.15,251500.0,XIU,2.0,,,,,,,,,,,,,,
2020-01-30 09:31:19.052000000,Add Order,1580394679052000000,A,642151,S,8000.0,25.24,252400.0,XIU,2.0,,,,,,,,,,,,,,
2020-01-30 09:31:22.517000000,Add Order,1580394682517000000,A,663552,B,8000.0,25.14,251400.0,XIU,2.0,,,,,,,,,,,,,,
2020-01-30 09:31:23.669000000,Add Order,1580394683669000000,A,671346,S,8000.0,25.23,252300.0,XIU,2.0,,,,,,,,,,,,,,
2020-01-30 09:31:24.173000000,Add Order,1580394684173000000,A,674340,S,8000.0,25.25,252500.0,XIU,2.0,,,,,,,,,,,,,,
2020-01-30 09:31:26.132000000,Add Order,1580394686132000000,A,686512,S,8000.0,25.23,252300.0,XIU,2.0,,,,,,,,,,,,,,
2020-01-30 09:31:27.551000000,Add Order,1580394687551000000,A,695639,B,8000.0,25.13,251300.0,XIU,2.0,,,,,,,,,,,,,,
2020-01-30 09:31:28.514000000,Add Order,1580394688514000000,A,701862,S,8000.0,25.22,252200.0,XIU,2.0,,,,,,,,,,,,,,
2020-01-30 09:31:30.852000000,Add Order,1580394690852000000,A,715918,B,8000.0,25.12,251200.0,XIU,2.0,,,,,,,,,,,,,,
2020-01-30 09:31:31.279000000,Add Order,1580394691279000000,A,719646,B,8000.0,25.14,251400.0,XIU,2.0,,,,,,,,,,,,,,
2020-01-30 09:31:31.585000000,Add Order,1580394691585000000,A,721690,B,8000.0,25.12,251200.0,XIU,2.0,,,,,,,,,,,,,,
2020-01-30 09:31:32.013000000,Add Order,1580394692013000000,A,723616,B,8000.0,25.14,251400.0,XIU,2.0,,,,,,,,,,,,,,
2020-01-30 09:31:33.546000000,Add Order,1580394693546000000,A,733145,S,8000.0,25.24,252400.0,XIU,2.0,,,,,,,,,,,,,,
2020-01-30 09:31:33.547000000,Add Order,1580394693547000000,A,733169,S,8000.0,25.22,252200.0,XIU,2.0,,,,,,,,,,,,,,
2020-01-30 09:31:34.412000000,Add Order,1580394694412000000,A,738561,S,8000.0,25.24,252400.0,XIU,2.0,,,,,,,,,,,,,,
2020-01-30 09:31:35.152000000,Add Order,1580394695152000000,A,743936,S,8000.0,25.25,252500.0,XIU,2.0,,,,,,,,,,,,,,
2020-01-30 09:31:35.152000000,Add Order,1580394695152000000,A,743953,S,8000.0,25.23,252300.0,XIU,2.0,,,,,,,,,,,,,,
2020-01-30 09:31:35.603000000,Add Order,1580394695603000000,A,747087,S,8000.0,25.25,252500.0,XIU,2.0,,,,,,,,,,,,,,
2020-01-30 09:31:35.603000000,Add Order,1580394695603000000,A,747094,S,8000.0,25.23,252300.0,XIU,2.0,,,,,,,,,,,,,,
2020-01-30 09:31:35.623000000,Add Order,1580394695623000000,A,747251,S,8000.0,25.25,252500.0,XIU,2.0,,,,,,,,,,,,,,
2020-01-30 09:31:35.986000000,Add Order,1580394695986000000,A,750251,B,8000.0,25.15,251500.0,XIU,2.0,,,,,,,,,,,,,,
2020-01-30 09:31:36.126000000,Add Order,1580394696126000000,A,751167,S,8000.0,25.23,252300.0,XIU,2.0,,,,,,,,,,,,,,
2020-01-30 09:31:41.169000000,Add Order,1580394701169000000,A,777512,S,8000.0,25.25,252500.0,XIU,2.0,,,,,,,,,,,,,,
2020-01-30 09:31:41.169000000,Add Order,1580394701169000000,A,777586,S,8000.0,25.23,252300.0,XIU,2.0,,,,,,,,,,,,,,
2020-01-30 09:31:46.170000000,Add Order,1580394706170000000,A,801858,S,8000.0,25.25,252500.0,XIU,2.0,,,,,,,,,,,,,,
2020-01-30 09:31:46.171000000,Add Order,1580394706171000000,A,801911,S,8000.0,25.23,252300.0,XIU,2.0,,,,,,,,,,,,,,
2020-01-30 09:31:46.961000000,Add Order,1580394706961000000,A,805615,S,8000.0,25.23,252300.0,XIU,2.0,,,,,,,,,,,,,,
2020-01-30 09:31:46.962000000,Add Order,1580394706962000000,A,805638,S,8000.0,25.23,252300.0,XIU,2.0,,,,,,,,,,,,,,
2020-01-30 09:31:46.981000000,Add Order,1580394706981000000,A,805761,S,8000.0,25.25,252500.0,XIU,2.0,,,,,,,,,,,,,,
2020-01-30 09:31:47.970000000,Add Order,1580394707970000000,A,811019,S,8000.0,25.23,252300.0,XIU,2.0,,,,,,,,,,,,,,
2020-01-30 09:31:48.343000000,Add Order,1580394708343000000,A,812948,B,8000.0,25.13,251300.0,XIU,2.0,,,,,,,,,,,,,,
2020-01-30 09:31:48.345000000,Add Order,1580394708345000000,A,813030,B,8000.0,25.15,251500.0,XIU,2.0,,,,,,,,,,,,,,
2020-01-30 09:31:48.346000000,Add Order,1580394708346000000,A,813033,B,8000.0,25.13,251300.0,XIU,2.0,,,,,,,,,,,,,,
2020-01-30 09:31:49.549000000,Add Order,1580394709549000000,A,818241,B,8000.0,25.15,251500.0,XIU,2.0,,,,,,,,,,,,,,
2020-01-30 09:31:49.550000000,Add Order,1580394709550000000,A,818339,B,8000.0,25.13,251300.0,XIU,2.0,,,,,,,,,,,,,,
2020-01-30 09:31:52.533000000,Add Order,1580394712533000000,A,831261,B,8000.0,25.15,251500.0,XIU,2.0,,,,,,,,,,,,,,
2020-01-30 09:31:52.798000000,Add Order,1580394712798000000,A,832420,B,8000.0,25.13,251300.0,XIU,2.0,,,,,,,,,,,,,,
2020-01-30 09:31:54.219000000,Add Order,1580394714219000000,A,838826,S,8000.0,25.22,252200.0,XIU,2.0,,,,,,,,,,,,,,
2020-01-30 09:31:54.294000000,Add Order,1580394714294000000,A,839503,S,8000.0,25.24,252400.0,XIU,2.0,,,,,,,,,,,,,,
2020-01-30 09:31:55.051000000,Add Order,1580394715051000000,A,845056,B,8000.0,25.15,251500.0,XIU,2.0,,,,,,,,,,,,,,
2020-01-30 09:31:55.051000000,Add Order,1580394715051000000,A,845075,B,8000.0,25.13,251300.0,XIU,2.0,,,,,,,,,,,,,,
2020-01-30 09:31:55.054000000,Add Order,1580394715054000000,A,845134,B,8000.0,25.15,251500.0,XIU,2.0,,,,,,,,,,,,,,
2020-01-30 09:31:56.987000000,Add Order,1580394716987000000,A,858503,S,8000.0,25.25,252500.0,XIU,2.0,,,,,,,,,,,,,,
2020-01-30 09:31:57.014000000,Add Order,1580394717014000000,A,859118,B,8000.0,25.16,251600.0,XIU,2.0,,,,,,,,,,,,,,
2020-01-30 09:31:57.165000000,Add Order,1580394717165000000,A,860015,S,8000.0,25.26,252600.0,XIU,2.0,,,,,,,,,,,,,,
2020-01-30 09:31:57.165000000,Add Order,1580394717165000000,A,860040,S,8000.0,25.24,252400.0,XIU,2.0,,,,,,,,,,,,,,
2020-01-30 09:32:00.591000000,Add Order,1580394720591000000,A,880924,B,8000.0,25.14,251400.0,XIU,2.0,,,,,,,,,,,,,,
2020-01-30 09:32:01.020000000,Add Order,1580394721020000000,A,885623,S,8000.0,25.23,252300.0,XIU,2.0,,,,,,,,,,,,,,
2020-01-30 09:32:01.402000000,Add Order,1580394721402000000,A,888546,S,8000.0,25.25,252500.0,XIU,2.0,,,,,,,,,,,,,,
2020-01-30 09:32:01.405000000,Add Order,1580394721405000000,A,888720,S,8000.0,25.23,252300.0,XIU,2.0,,,,,,,,,,,,,,
2020-01-30 09:32:01.512000000,Add Order,1580394721512000000,A,889271,S,8000.0,25.25,252500.0,XIU,2.0,,,,,,,,,,,,,,
2020-01-30 09:32:01.567000000,Add Order,1580394721567000000,A,889645,S,8000.0,25.23,252300.0,XIU,2.0,,,,,,,,,,,,,,
2020-01-30 09:32:02.413000000,Add Order,1580394722413000000,A,895982,S,8000.0,25.25,252500.0,XIU,2.0,,,,,,,,,,,,,,
2020-01-30 09:32:02.414000000,Add Order,1580394722414000000,A,896059,S,8000.0,25.23,252300.0,XIU,2.0,,,,,,,,,,,,,,
2020-01-30 09:32:02.634000000,Add Order,1580394722634000000,A,897510,S,8000.0,25.25,252500.0,XIU,2.0,,,,,,,,,,,,,,
2020-01-30 09:32:02.634000000,Add Order,1580394722634000000,A,897516,S,8000.0,25.23,252300.0,XIU,2.0,,,,,,,,,,,,,,
2020-01-30 09:32:02.635000000,Add Order,1580394722635000000,A,897549,S,8000.0,25.25,252500.0,XIU,2.0,,,,,,,,,,,,,,
2020-01-30 09:32:03.037000000,Add Order,1580394723037000000,A,900406,S,8000.0,25.26,252600.0,XIU,2.0,,,,,,,,,,,,,,
2020-01-30 09:32:03.037000000,Add Order,1580394723037000000,A,900410,S,8000.0,25.23,252300.0,XIU,2.0,,,,,,,,,,,,,,
2020-01-30 09:32:03.037000000,Add Order,1580394723037000000,A,900414,S,8000.0,25.24,252400.0,XIU,2.0,,,,,,,,,,,,,,
2020-01-30 09:32:03.458000000,Add Order,1580394723458000000,A,903103,S,8000.0,25.24,252400.0,XIU,2.0,,,,,,,,,,,,,,
2020-01-30 09:32:03.458000000,Add Order,1580394723458000000,A,903104,S,8000.0,25.25,252500.0,XIU,2.0,,,,,,,,,,,,,,
2020-01-30 09:32:04.011000000,Add Order,1580394724011000000,A,905849,S,8000.0,25.26,252600.0,XIU,2.0,,,,,,,,,,,,,,
2020-01-30 09:32:04.012000000,Add Order,1580394724012000000,A,905896,S,8000.0,25.24,252400.0,XIU,2.0,,,,,,,,,,,,,,
2020-01-30 09:32:04.037000000,Add Order,1580394724037000000,A,906033,S,8000.0,25.26,252600.0,XIU,2.0,,,,,,,,,,,,,,
2020-01-30 09:32:04.037000000,Add Order,1580394724037000000,A,906034,S,8000.0,25.24,252400.0,XIU,2.0,,,,,,,,,,,,,,
2020-01-30 09:32:04.242000000,Add Order,1580394724242000000,A,906972,S,8000.0,25.26,252600.0,XIU,2.0,,,,,,,,,,,,,,
2020-01-30 09:32:04.740000000,Add Order,1580394724740000000,A,911269,S,8000.0,25.23,252300.0,XIU,2.0,,,,,,,,,,,,,,
2020-01-30 09:32:04.740000000,Add Order,1580394724740000000,A,911270,S,8000.0,25.24,252400.0,XIU,2.0,,,,,,,,,,,,,,
2020-01-30 09:32:04.740000000,Add Order,1580394724740000000,A,911281,S,8000.0,25.25,252500.0,XIU,2.0,,,,,,,,,,,,,,
2020-01-30 09:32:04.740000000,Add Order,1580394724740000000,A,911284,S,8000.0,25.26,252600.0,XIU,2.0,,,,,,,,,,,,,,
2020-01-30 09:32:04.741000000,Add Order,1580394724741000000,A,911305,S,8000.0,25.24,252400.0,XIU,2.0,,,,,,,,,,,,,,
2020-01-30 09:32:04.741000000,Add Order,1580394724741000000,A,911317,S,8000.0,25.26,252600.0,XIU,2.0,,,,,,,,,,,,,,
2020-01-30 09:32:04.741000000,Add Order,1580394724741000000,A,911328,S,8000.0,25.24,252400.0,XIU,2.0,,,,,,,,,,,,,,
2020-01-30 09:32:04.748000000,Add Order,1580394724748000000,A,911380,S,8000.0,25.26,252600.0,XIU,2.0,,,,,,,,,,,,,,
2020-01-30 09:32:04.774000000,Add Order,1580394724774000000,A,911572,S,8000.0,25.23,252300.0,XIU,2.0,,,,,,,,,,,,,,
2020-01-30 09:32:04.774000000,Add Order,1580394724774000000,A,911574,S,8000.0,25.24,252400.0,XIU,2.0,,,,,,,,,,,,,,
2020-01-30 09:32:06.704000000,Add Order,1580394726704000000,A,921440,S,8000.0,25.25,252500.0,XIU,2.0,,,,,,,,,,,,,,
2020-01-30 09:32:06.956000000,Add Order,1580394726956000000,A,922766,S,8000.0,25.26,252600.0,XIU,2.0,,,,,,,,,,,,,,
2020-01-30 09:32:06.957000000,Add Order,1580394726957000000,A,922840,S,8000.0,25.24,252400.0,XIU,2.0,,,,,,,,,,,,,,
2020-01-30 09:32:06.974000000,Add Order,1580394726974000000,A,923058,S,8000.0,25.26,252600.0,XIU,2.0,,,,,,,,,,,,,,
2020-01-30 09:32:06.974000000,Add Order,1580394726974000000,A,923060,S,8000.0,25.24,252400.0,XIU,2.0,,,,,,,,,,,,,,
2020-01-30 09:32:06.997000000,Add Order,1580394726997000000,A,923188,S,8000.0,25.26,252600.0,XIU,2.0,,,,,,,,,,,,,,
2020-01-30 09:32:07.498000000,Add Order,1580394727498000000,A,926123,S,8000.0,25.24,252400.0,XIU,2.0,,,,,,,,,,,,,,
2020-01-30 09:32:08.010000000,Add Order,1580394728010000000,A,929317,S,8000.0,25.24,252400.0,XIU,2.0,,,,,,,,,,,,,,
2020-01-30 09:32:08.011000000,Add Order,1580394728011000000,A,929330,S,8000.0,25.26,252600.0,XIU,2.0,,,,,,,,,,,,,,
2020-01-30 09:32:08.011000000,Add Order,1580394728011000000,A,929367,S,8000.0,25.24,252400.0,XIU,2.0,,,,,,,,,,,,,,
2020-01-30 09:32:08.012000000,Add Order,1580394728012000000,A,929399,S,8000.0,25.26,252600.0,XIU,2.0,,,,,,,,,,,,,,
2020-01-30 09:32:08.513000000,Add Order,1580394728513000000,A,933587,S,8000.0,25.24,252400.0,XIU,2.0,,,,,,,,,,,,,,
2020-01-30 09:32:08.979000000,Add Order,1580394728979000000,A,935994,S,8000.0,25.23,252300.0,XIU,2.0,,,,,,,,,,,,,,
2020-01-30 09:32:09.019000000,Add Order,1580394729019000000,A,936489,S,8000.0,25.25,252500.0,XIU,2.0,,,,,,,,,,,,,,
2020-01-30 09:32:09.019000000,Add Order,1580394729019000000,A,936492,S,8000.0,25.26,252600.0,XIU,2.0,,,,,,,,,,,,,,
2020-01-30 09:32:09.019000000,Add Order,1580394729019000000,A,936521,S,8000.0,25.24,252400.0,XIU,2.0,,,,,,,,,,,,,,
2020-01-30 09:32:09.019000000,Add Order,1580394729019000000,A,936525,S,8000.0,25.23,252300.0,XIU,2.0,,,,,,,,,,,,,,
2020-01-30 09:32:09.926000000,Add Order,1580394729926000000,A,941881,S,8000.0,25.25,252500.0,XIU,2.0,,,,,,,,,,,,,,
2020-01-30 09:32:09.926000000,Add Order,1580394729926000000,A,941883,S,8000.0,25.26,252600.0,XIU,2.0,,,,,,,,,,,,,,
2020-01-30 09:32:09.927000000,Add Order,1580394729927000000,A,941930,S,8000.0,25.24,252400.0,XIU,2.0,,,,,,,,,,,,,,
2020-01-30 09:32:09.951000000,Add Order,1580394729951000000,A,942042,S,8000.0,25.26,252600.0,XIU,2.0,,,,,,,,,,,,,,
2020-01-30 09:32:09.952000000,Add Order,1580394729952000000,A,942050,S,8000.0,25.24,252400.0,XIU,2.0,,,,,,,,,,,,,,
2020-01-30 09:32:09.956000000,Add Order,1580394729956000000,A,942143,S,8000.0,25.26,252600.0,XIU,2.0,,,,,,,,,,,,,,
2020-01-30 09:32:10.023000000,Add Order,1580394730023000000,A,942496,S,8000.0,25.25,252500.0,XIU,2.0,,,,,,,,,,,,,,
2020-01-30 09:32:10.023000000,Add Order,1580394730023000000,A,942497,S,8000.0,25.26,252600.0,XIU,2.0,,,,,,,,,,,,,,
2020-01-30 09:32:10.457000000,Add Order,1580394730457000000,A,945270,S,8000.0,25.23,252300.0,XIU,2.0,,,,,,,,,,,,,,
2020-01-30 09:32:10.457000000,Add Order,1580394730457000000,A,945271,S,8000.0,25.24,252400.0,XIU,2.0,,,,,,,,,,,,,,
2020-01-30 09:32:14.636000000,Add Order,1580394734636000000,A,968195,S,8000.0,25.25,252500.0,XIU,2.0,,,,,,,,,,,,,,
2020-01-30 09:32:14.849000000,Add Order,1580394734849000000,A,969829,B,8000.0,25.16,251600.0,XIU,2.0,,,,,,,,,,,,,,
2020-01-30 09:32:19.448000000,Add Order,1580394739448000000,A,992266,B,8000.0,25.14,251400.0,XIU,2.0,,,,,,,,,,,,,,
2020-01-30 09:32:19.818000000,Add Order,1580394739818000000,A,994232,B,8000.0,25.16,251600.0,XIU,2.0,,,,,,,,,,,,,,
2020-01-30 09:32:24.444000000,Add Order,1580394744444000000,A,1018813,S,8000.0,25.26,252600.0,XIU,2.0,,,,,,,,,,,,,,
2020-01-30 09:32:24.470000000,Add Order,1580394744470000000,A,1019147,S,8000.0,25.24,252400.0,XIU,2.0,,,,,,,,,,,,,,
2020-01-30 09:32:26.695000000,Add Order,1580394746695000000,A,1028586,B,8000.0,25.14,251400.0,XIU,2.0,,,,,,,,,,,,,,
2020-01-30 09:32:28.049000000,Add Order,1580394748049000000,A,1035237,S,8000.0,25.23,252300.0,XIU,2.0,,,,,,,,,,,,,,
2020-01-30 09:32:30.564000000,Add Order,1580394750564000000,A,1047510,S,8000.0,25.25,252500.0,XIU,2.0,,,,,,,,,,,,,,
2020-01-30 09:32:30.564000000,Add Order,1580394750564000000,A,1047531,S,8000.0,25.23,252300.0,XIU,2.0,,,,,,,,,,,,,,
2020-01-30 09:32:35.167000000,Add Order,1580394755167000000,A,1071116,S,8000.0,25.25,252500.0,XIU,2.0,,,,,,,,,,,,,,
2020-01-30 09:32:35.168000000,Add Order,1580394755168000000,A,1071141,S,8000.0,25.23,252300.0,XIU,2.0,,,,,,,,,,,,,,
2020-01-30 09:32:35.168000000,Add Order,1580394755168000000,A,1071165,S,8000.0,25.25,252500.0,XIU,2.0,,,,,,,,,,,,,,
2020-01-30 09:32:35.168000000,Add Order,1580394755168000000,A,1071171,S,8000.0,25.23,252300.0,XIU,2.0,,,,,,,,,,,,,,
2020-01-30 09:32:35.212000000,Add Order,1580394755212000000,A,1071644,S,8000.0,25.25,252500.0,XIU,2.0,,,,,,,,,,,,,,
2020-01-30 09:32:35.687000000,Add Order,1580394755687000000,A,1073521,S,8000.0,25.23,252300.0,XIU,2.0,,,,,,,,,,,,,,
2020-01-30 09:32:36.628000000,Add Order,1580394756628000000,A,1077427,S,8000.0,25.25,252500.0,XIU,2.0,,,,,,,,,,,,,,
2020-01-30 09:32:36.628000000,Add Order,1580394756628000000,A,1077449,S,8000.0,25.23,252300.0,XIU,2.0,,,,,,,,,,,,,,
2020-01-30 09:32:36.785000000,Add Order,1580394756785000000,A,1078618,S,8000.0,25.25,252500.0,XIU,2.0,,,,,,,,,,,,,,
2020-01-30 09:32:36.878000000,Add Order,1580394756878000000,A,1079667,B,8000.0,25.16,251600.0,XIU,2.0,,,,,,,,,,,,,,
2020-01-30 09:32:37.711000000,Add Order,1580394757711000000,A,1084630,B,8000.0,25.14,251400.0,XIU,2.0,,,,,,,,,,,,,,
2020-01-30 09:32:39.438000000,Add Order,1580394759438000000,A,1093259,S,8000.0,25.23,252300.0,XIU,2.0,,,,,,,,,,,,,,
2020-01-30 09:32:40.033000000,Add Order,1580394760033000000,A,1097066,S,8000.0,25.25,252500.0,XIU,2.0,,,,,,,,,,,,,,
2020-01-30 09:32:40.033000000,Add Order,1580394760033000000,A,1097069,S,8000.0,25.23,252300.0,XIU,2.0,,,,,,,,,,,,,,
2020-01-30 09:32:40.590000000,Add Order,1580394760590000000,A,1099151,S,8000.0,25.25,252500.0,XIU,2.0,,,,,,,,,,,,,,
2020-01-30 09:32:41.240000000,Add Order,1580394761240000000,A,1102852,B,8000.0,25.16,251600.0,XIU,2.0,,,,,,,,,,,,,,
2020-01-30 09:32:43.510000000,Add Order,1580394763510000000,A,1113036,B,8000.0,25.14,251400.0,XIU,2.0,,,,,,,,,,,,,,
2020-01-30 09:32:43.510000000,Add Order,1580394763510000000,A,1113081,B,8000.0,25.16,251600.0,XIU,2.0,,,,,,,,,,,,,,
2020-01-30 09:32:47.010000000,Add Order,1580394767010000000,A,1128727,B,8000.0,25.14,251400.0,XIU,2.0,,,,,,,,,,,,,,
2020-01-30 09:32:47.405000000,Add Order,1580394767405000000,A,1130977,S,8000.0,25.23,252300.0,XIU,2.0,,,,,,,,,,,,,,
2020-01-30 09:32:47.991000000,Add Order,1580394767991000000,A,1133592,S,8000.0,25.25,252500.0,XIU,2.0,,,,,,,,,,,,,,
2020-01-30 09:32:48.172000000,Add Order,1580394768172000000,A,1134421,B,8000.0,25.16,251600.0,XIU,2.0,,,,,,,,,,,,,,
2020-01-30 09:32:48.928000000,Add Order,1580394768928000000,A,1138411,B,8000.0,25.14,251400.0,XIU,2.0,,,,,,,,,,,,,,
2020-01-30 09:32:48.928000000,Add Order,1580394768928000000,A,1138413,S,8000.0,25.23,252300.0,XIU,2.0,,,,,,,,,,,,,,
2020-01-30 09:32:48.953000000,Add Order,1580394768953000000,A,1138592,S,8000.0,25.25,252500.0,XIU,2.0,,,,,,,,,,,,,,
2020-01-30 09:32:50.150000000,Add Order,1580394770150000000,A,1144399,S,8000.0,25.23,252300.0,XIU,2.0,,,,,,,,,,,,,,
2020-01-30 09:32:56.544000000,Add Order,1580394776544000000,A,1174894,S,8000.0,25.22,252200.0,XIU,2.0,,,,,,,,,,,,,,
2020-01-30 09:32:57.080000000,Add Order,1580394777080000000,A,1177614,B,8000.0,25.13,251300.0,XIU,2.0,,,,,,,,,,,,,,
2020-01-30 09:33:01.013000000,Add Order,1580394781013000000,A,1199481,B,8000.0,25.12,251200.0,XIU,2.0,,,,,,,,,,,,,,
2020-01-30 09:33:01.013000000,Add Order,1580394781013000000,A,1199483,S,8000.0,25.21,252100.0,XIU,2.0,,,,,,,,,,,,,,
2020-01-30 09:33:03.143000000,Add Order,1580394783143000000,A,1215911,B,8000.0,25.14,251400.0,XIU,2.0,,,,,,,,,,,,,,
2020-01-30 09:33:03.143000000,Add Order,1580394783143000000,A,1215913,S,8000.0,25.23,252300.0,XIU,2.0,,,,,,,,,,,,,,
2020-01-30 09:33:06.125000000,Add Order,1580394786125000000,A,1232619,S,8000.0,25.21,252100.0,XIU,2.0,,,,,,,,,,,,,,
2020-01-30 09:33:06.469000000,Add Order,1580394786469000000,A,1235120,S,8000.0,25.23,252300.0,XIU,2.0,,,,,,,,,,,,,,
2020-01-30 09:33:06.661000000,Add Order,1580394786661000000,A,1236141,B,8000.0,25.12,251200.0,XIU,2.0,,,,,,,,,,,,,,
2020-01-30 09:33:06.661000000,Add Order,1580394786661000000,A,1236143,S,8000.0,25.21,252100.0,XIU,2.0,,,,,,,,,,,,,,
2020-01-30 09:33:14.843000000,Add Order,1580394794843000000,A,1275135,B,8000.0,25.11,251100.0,XIU,2.0,,,,,,,,,,,,,,
2020-01-30 09:33:15.268000000,Add Order,1580394795268000000,A,1277994,B,8000.0,25.13,251300.0,XIU,2.0,,,,,,,,,,,,,,
2020-01-30 09:33:18.134000000,Add Order,1580394798134000000,A,1294062,B,8000.0,25.11,251100.0,XIU,2.0,,,,,,,,,,,,,,
2020-01-30 09:33:21.261000000,Add Order,1580394801261000000,A,1313929,B,8000.0,25.13,251300.0,XIU,2.0,,,,,,,,,,,,,,
2020-01-30 09:33:27.591000000,Add Order,1580394807591000000,A,1345964,S,8000.0,25.23,252300.0,XIU,2.0,,,,,,,,,,,,,,
2020-01-30 09:33:28.083000000,Add Order,1580394808083000000,A,1349828,S,8000.0,25.21,252100.0,XIU,2.0,,,,,,,,,,,,,,
2020-01-30 09:33:29.476000000,Add Order,1580394809476000000,A,1357160,S,8000.0,25.23,252300.0,XIU,2.0,,,,,,,,,,,,,,
2020-01-30 09:33:29.607000000,Add Order,1580394809607000000,A,1357779,S,8000.0,25.21,252100.0,XIU,2.0,,,,,,,,,,,,,,
2020-01-30 09:33:30.846000000,Add Order,1580394810846000000,A,1365053,S,8000.0,25.23,252300.0,XIU,2.0,,,,,,,,,,,,,,
2020-01-30 09:33:33.156000000,Add Order,1580394813156000000,A,1378043,B,8000.0,25.14,251400.0,XIU,2.0,,,,,,,,,,,,,,
2020-01-30 09:33:47.028000000,Add Order,1580394827028000000,A,1446119,S,8000.0,25.21,252100.0,XIU,2.0,,,,,,,,,,,,,,
2020-01-30 09:33:49.465000000,Add Order,1580394829465000000,A,1457142,S,8000.0,25.23,252300.0,XIU,2.0,,,,,,,,,,,,,,
2020-01-30 09:33:49.552000000,Add Order,1580394829552000000,A,1457956,S,8000.0,25.21,252100.0,XIU,2.0,,,,,,,,,,,,,,
2020-01-30 09:33:49.554000000,Add Order,1580394829554000000,A,1458006,S,8000.0,25.23,252300.0,XIU,2.0,,,,,,,,,,,,,,
2020-01-30 09:33:50.755000000,Add Order,1580394830755000000,A,1463363,S,8000.0,25.21,252100.0,XIU,2.0,,,,,,,,,,,,,,
2020-01-30 09:33:52.475000000,Add Order,1580394832475000000,A,1469285,S,8000.0,25.23,252300.0,XIU,2.0,,,,,,,,,,,,,,
2020-01-30 09:33:52.763000000,Add Order,1580394832763000000,A,1470760,S,8000.0,25.21,252100.0,XIU,2.0,,,,,,,,,,,,,,
2020-01-30 09:33:52.875000000,Add Order,1580394832875000000,A,1471779,S,8000.0,25.23,252300.0,XIU,2.0,,,,,,,,,,,,,,
2020-01-30 09:33:53.896000000,Add Order,1580394833896000000,A,1476019,S,8000.0,25.24,252400.0,XIU,2.0,,,,,,,,,,,,,,
2020-01-30 09:33:53.937000000,Add Order,1580394833937000000,A,1476483,S,8000.0,25.22,252200.0,XIU,2.0,,,,,,,,,,,,,,
2020-01-30 09:34:05.018000000,Add Order,1580394845018000000,A,1531323,B,8000.0,25.12,251200.0,XIU,2.0,,,,,,,,,,,,,,
2020-01-30 09:34:05.801000000,Add Order,1580394845801000000,A,1535358,S,8000.0,25.21,252100.0,XIU,2.0,,,,,,,,,,,,,,
2020-01-30 09:34:13.119000000,Add Order,1580394853119000000,A,1575254,S,8000.0,25.2,252000.0,XIU,2.0,,,,,,,,,,,,,,
2020-01-30 09:34:13.565000000,Add Order,1580394853565000000,A,1577494,B,8000.0,25.11,251100.0,XIU,2.0,,,,,,,,,,,,,,
2020-01-30 09:34:20.157000000,Add Order,1580394860157000000,A,1616362,B,8000.0,25.13,251300.0,XIU,2.0,,,,,,,,,,,,,,
2020-01-30 09:34:22.386000000,Add Order,1580394862386000000,A,1628388,S,8000.0,25.22,252200.0,XIU,2.0,,,,,,,,,,,,,,
2020-01-30 09:34:23.592000000,Add Order,1580394863592000000,A,1633551,S,8000.0,25.19,251900.0,XIU,2.0,,,,,,,,,,,,,,
2020-01-30 09:34:23.592000000,Add Order,1580394863592000000,A,1633552,B,8000.0,25.15,251500.0,XIU,2.0,,,,,,,,,,,,,,
2020-01-30 09:34:23.592000000,Add Order,1580394863592000000,A,1633553,S,8000.0,25.2,252000.0,XIU,2.0,,,,,,,,,,,,,,
2020-01-30 09:34:23.592000000,Add Order,1580394863592000000,A,1633557,B,8000.0,25.14,251400.0,XIU,2.0,,,,,,,,,,,,,,
2020-01-30 09:34:31.619000000,Add Order,1580394871619000000,A,1669512,B,8000.0,25.13,251300.0,XIU,2.0,,,,,,,,,,,,,,
2020-01-30 09:34:38.588000000,Add Order,1580394878588000000,A,1705718,B,8000.0,25.15,251500.0,XIU,2.0,,,,,,,,,,,,,,
2020-01-30 09:34:40.159000000,Add Order,1580394880159000000,A,1714207,B,8000.0,25.13,251300.0,XIU,2.0,,,,,,,,,,,,,,
2020-01-30 09:34:44.655000000,Add Order,1580394884655000000,A,1736098,S,8000.0,25.18,251800.0,XIU,2.0,,,,,,,,,,,,,,
2020-01-30 09:34:47.058000000,Add Order,1580394887058000000,A,1746775,B,8000.0,25.12,251200.0,XIU,2.0,,,,,,,,,,,,,,
2020-01-30 09:34:47.058000000,Add Order,1580394887058000000,A,1746789,B,8000.0,25.14,251400.0,XIU,2.0,,,,,,,,,,,,,,
2020-01-30 09:34:47.058000000,Add Order,1580394887058000000,A,1746802,B,8000.0,25.12,251200.0,XIU,2.0,,,,,,,,,,,,,,
2020-01-30 09:34:47.060000000,Add Order,1580394887060000000,A,1746948,B,8000.0,25.14,251400.0,XIU,2.0,,,,,,,,,,,,,,
2020-01-30 09:34:47.321000000,Add Order,1580394887321000000,A,1749303,B,8000.0,25.12,251200.0,XIU,2.0,,,,,,,,,,,,,,
2020-01-30 09:34:47.681000000,Add Order,1580394887681000000,A,1751376,B,8000.0,25.14,251400.0,XIU,2.0,,,,,,,,,,,,,,
2020-01-30 09:34:56.038000000,Add Order,1580394896038000000,A,1795978,B,8000.0,25.12,251200.0,XIU,2.0,,,,,,,,,,,,,,
2020-01-30 09:34:58.232000000,Add Order,1580394898232000000,A,1808047,S,8000.0,25.17,251700.0,XIU,2.0,,,,,,,,,,,,,,
2020-01-30 09:35:04.814000000,Add Order,1580394904814000000,A,1864713,S,8000.0,25.16,251600.0,XIU,2.0,,,,,,,,,,,,,,
2020-01-30 09:35:04.835000000,Add Order,1580394904835000000,A,1865054,B,8000.0,25.11,251100.0,XIU,2.0,,,,,,,,,,,,,,
2020-01-30 09:35:05.608000000,Add Order,1580394905608000000,A,1872136,B,8000.0,25.13,251300.0,XIU,2.0,,,,,,,,,,,,,,
2020-01-30 09:35:05.715000000,Add Order,1580394905715000000,A,1873456,S,8000.0,25.18,251800.0,XIU,2.0,,,,,,,,,,,,,,
2020-01-30 09:35:06.653000000,Add Order,1580394906653000000,A,1881032,S,8000.0,25.16,251600.0,XIU,2.0,,,,,,,,,,,,,,
2020-01-30 09:35:06.680000000,Add Order,1580394906680000000,A,1881860,B,8000.0,25.11,251100.0,XIU,2.0,,,,,,,,,,,,,,
2020-01-30 09:35:09.325000000,Add Order,1580394909325000000,A,1904974,S,8000.0,25.15,251500.0,XIU,2.0,,,,,,,,,,,,,,
2020-01-30 09:35:09.930000000,Add Order,1580394909930000000,A,1912290,B,8000.0,25.1,251000.0,XIU,2.0,,,,,,,,,,,,,,
2020-01-30 09:35:13.789000000,Add Order,1580394913789000000,A,1946255,B,8000.0,25.12,251200.0,XIU,2.0,,,,,,,,,,,,,,
2020-01-30 09:35:16.299000000,Add Order,1580394916299000000,A,1967381,B,8000.0,25.1,251000.0,XIU,2.0,,,,,,,,,,,,,,
2020-01-30 09:35:16.299000000,Add Order,1580394916299000000,A,1967385,S,8000.0,25.17,251700.0,XIU,2.0,,,,,,,,,,,,,,
2020-01-30 09:35:16.996000000,Add Order,1580394916996000000,A,1971319,B,8000.0,25.12,251200.0,XIU,2.0,,,,,,,,,,,,,,
2020-01-30 09:35:17.433000000,Add Order,1580394917433000000,A,1974721,B,8000.0,25.1,251000.0,XIU,2.0,,,,,,,,,,,,,,
2020-01-30 09:35:17.473000000,Add Order,1580394917473000000,A,1975137,B,8000.0,25.12,251200.0,XIU,2.0,,,,,,,,,,,,,,
2020-01-30 09:35:21.096000000,Add Order,1580394921096000000,A,2000244,S,8000.0,25.18,251800.0,XIU,2.0,,,,,,,,,,,,,,
2020-01-30 09:35:25.884000000,Add Order,1580394925884000000,A,2037819,S,8000.0,25.16,251600.0,XIU,2.0,,,,,,,,,,,,,,
2020-01-30 09:35:26.706000000,Add Order,1580394926706000000,A,2043481,S,8000.0,25.18,251800.0,XIU,2.0,,,,,,,,,,,,,,
2020-01-30 09:35:26.915000000,Add Order,1580394926915000000,A,2044683,S,8000.0,25.16,251600.0,XIU,2.0,,,,,,,,,,,,,,
2020-01-30 09:35:27.910000000,Add Order,1580394927910000000,A,2051115,S,8000.0,25.18,251800.0,XIU,2.0,,,,,,,,,,,,,,
2020-01-30 09:35:31.159000000,Add Order,1580394931159000000,A,2073270,B,8000.0,25.13,251300.0,XIU,2.0,,,,,,,,,,,,,,
2020-01-30 09:35:32.100000000,Add Order,1580394932100000000,A,2083722,S,8000.0,25.19,251900.0,XIU,2.0,,,,,,,,,,,,,,
2020-01-30 09:35:32.195000000,Add Order,1580394932195000000,A,2084632,S,8000.0,25.17,251700.0,XIU,2.0,,,,,,,,,,,,,,
2020-01-30 09:35:32.543000000,Add Order,1580394932543000000,A,2087250,S,8000.0,25.19,251900.0,XIU,2.0,,,,,,,,,,,,,,
2020-01-30 09:35:32.543000000,Add Order,1580394932543000000,A,2087255,S,8000.0,25.17,251700.0,XIU,2.0,,,,,,,,,,,,,,
2020-01-30 09:35:32.708000000,Add Order,1580394932708000000,A,2088239,S,8000.0,25.19,251900.0,XIU,2.0,,,,,,,,,,,,,,
2020-01-30 09:35:32.708000000,Add Order,1580394932708000000,A,2088243,S,8000.0,25.17,251700.0,XIU,2.0,,,,,,,,,,,,,,
2020-01-30 09:35:32.787000000,Add Order,1580394932787000000,A,2088743,S,8000.0,25.19,251900.0,XIU,2.0,,,,,,,,,,,,,,
2020-01-30 09:35:33.114000000,Add Order,1580394933114000000,A,2090641,S,8000.0,25.17,251700.0,XIU,2.0,,,,,,,,,,,,,,
2020-01-30 09:35:33.725000000,Add Order,1580394933725000000,A,2097297,S,8000.0,25.19,251900.0,XIU,2.0,,,,,,,,,,,,,,
2020-01-30 09:35:40.052000000,Add Order,1580394940052000000,A,2137882,B,8000.0,25.14,251400.0,XIU,2.0,,,,,,,,,,,,,,
2020-01-30 09:35:45.051000000,Add Order,1580394945051000000,A,2169680,S,8000.0,25.2,252000.0,XIU,2.0,,,,,,,,,,,,,,
2020-01-30 09:35:45.092000000,Add Order,1580394945092000000,A,2169915,S,8000.0,25.18,251800.0,XIU,2.0,,,,,,,,,,,,,,
2020-01-30 09:35:46.915000000,Add Order,1580394946915000000,A,2179557,S,8000.0,25.2,252000.0,XIU,2.0,,,,,,,,,,,,,,
2020-01-30 09:35:46.955000000,Add Order,1580394946955000000,A,2179744,S,8000.0,25.18,251800.0,XIU,2.0,,,,,,,,,,,,,,
2020-01-30 09:35:47.049000000,Add Order,1580394947049000000,A,2180078,S,8000.0,25.2,252000.0,XIU,2.0,,,,,,,,,,,,,,
2020-01-30 09:35:47.116000000,Add Order,1580394947116000000,A,2180551,S,8000.0,25.18,251800.0,XIU,2.0,,,,,,,,,,,,,,
2020-01-30 09:35:47.376000000,Add Order,1580394947376000000,A,2181898,S,8000.0,25.2,252000.0,XIU,2.0,,,,,,,,,,,,,,
2020-01-30 09:35:47.442000000,Add Order,1580394947442000000,A,2182188,S,8000.0,25.18,251800.0,XIU,2.0,,,,,,,,,,,,,,
2020-01-30 09:35:47.707000000,Add Order,1580394947707000000,A,2183568,S,8000.0,25.18,251800.0,XIU,2.0,,,,,,,,,,,,,,
2020-01-30 09:35:47.763000000,Add Order,1580394947763000000,A,2183822,S,8000.0,25.2,252000.0,XIU,2.0,,,,,,,,,,,,,,
2020-01-30 09:35:48.265000000,Add Order,1580394948265000000,A,2186465,S,8000.0,25.18,251800.0,XIU,2.0,,,,,,,,,,,,,,
2020-01-30 09:35:48.433000000,Add Order,1580394948433000000,A,2187267,S,8000.0,25.2,252000.0,XIU,2.0,,,,,,,,,,,,,,
2020-01-30 09:35:48.498000000,Add Order,1580394948498000000,A,2188216,S,8000.0,25.18,251800.0,XIU,2.0,,,,,,,,,,,,,,
2020-01-30 09:35:48.712000000,Add Order,1580394948712000000,A,2189511,S,8000.0,25.18,251800.0,XIU,2.0,,,,,,,,,,,,,,
2020-01-30 09:35:48.775000000,Add Order,1580394948775000000,A,2189925,S,8000.0,25.2,252000.0,XIU,2.0,,,,,,,,,,,,,,
2020-01-30 09:35:48.999000000,Add Order,1580394948999000000,A,2191437,S,8000.0,25.18,251800.0,XIU,2.0,,,,,,,,,,,,,,
2020-01-30 09:35:53.816000000,Add Order,1580394953816000000,A,2220668,S,8000.0,25.2,252000.0,XIU,2.0,,,,,,,,,,,,,,
2020-01-30 09:35:53.856000000,Add Order,1580394953856000000,A,2220980,S,8000.0,25.18,251800.0,XIU,2.0,,,,,,,,,,,,,,
2020-01-30 09:36:00.277000000,Add Order,1580394960277000000,A,2252807,S,8000.0,25.2,252000.0,XIU,2.0,,,,,,,,,,,,,,
2020-01-30 09:36:00.765000000,Add Order,1580394960765000000,A,2255116,B,8000.0,25.15,251500.0,XIU,2.0,,,,,,,,,,,,,,
2020-01-30 09:36:02.171000000,Add Order,1580394962171000000,A,2265883,B,8000.0,25.13,251300.0,XIU,2.0,,,,,,,,,,,,,,
2020-01-30 09:36:02.171000000,Add Order,1580394962171000000,A,2265887,B,8000.0,25.15,251500.0,XIU,2.0,,,,,,,,,,,,,,
2020-01-30 09:36:07.960000000,Add Order,1580394967960000000,A,2306552,S,8000.0,25.21,252100.0,XIU,2.0,,,,,,,,,,,,,,
2020-01-30 09:36:09.787000000,Add Order,1580394969787000000,A,2320935,S,8000.0,25.19,251900.0,XIU,2.0,,,,,,,,,,,,,,
2020-01-30 09:36:23.773000000,Add Order,1580394983773000000,A,2408919,S,8000.0,25.21,252100.0,XIU,2.0,,,,,,,,,,,,,,
2020-01-30 09:36:24.089000000,Add Order,1580394984089000000,A,2411351,B,8000.0,25.16,251600.0,XIU,2.0,,,,,,,,,,,,,,
2020-01-30 09:36:30.589000000,Add Order,1580394990589000000,A,2452647,B,8000.0,25.14,251400.0,XIU,2.0,,,,,,,,,,,,,,
2020-01-30 09:36:30.621000000,Add Order,1580394990621000000,A,2454153,S,8000.0,25.19,251900.0,XIU,2.0,,,,,,,,,,,,,,
2020-01-30 09:36:35.176000000,Add Order,1580394995176000000,A,2481505,B,8000.0,25.16,251600.0,XIU,2.0,,,,,,,,,,,,,,
2020-01-30 09:36:36.503000000,Add Order,1580394996503000000,A,2488748,B,8000.0,25.14,251400.0,XIU,2.0,,,,,,,,,,,,,,
2020-01-30 09:36:36.503000000,Add Order,1580394996503000000,A,2488754,B,8000.0,25.16,251600.0,XIU,2.0,,,,,,,,,,,,,,
2020-01-30 09:36:36.503000000,Add Order,1580394996503000000,A,2488763,B,8000.0,25.14,251400.0,XIU,2.0,,,,,,,,,,,,,,
2020-01-30 09:36:36.503000000,Add Order,1580394996503000000,A,2488766,B,8000.0,25.16,251600.0,XIU,2.0,,,,,,,,,,,,,,
2020-01-30 09:36:36.505000000,Add Order,1580394996505000000,A,2488782,B,8000.0,25.14,251400.0,XIU,2.0,,,,,,,,,,,,,,
2020-01-30 09:36:37.076000000,Add Order,1580394997076000000,A,2490902,B,8000.0,25.16,251600.0,XIU,2.0,,,,,,,,,,,,,,
2020-01-30 09:36:39.375000000,Add Order,1580394999375000000,A,2501322,B,8000.0,25.14,251400.0,XIU,2.0,,,,,,,,,,,,,,
2020-01-30 09:36:45.673000000,Add Order,1580395005673000000,A,2541289,B,8000.0,25.13,251300.0,XIU,2.0,,,,,,,,,,,,,,
2020-01-30 09:36:47.405000000,Add Order,1580395007405000000,A,2550267,B,8000.0,25.15,251500.0,XIU,2.0,,,,,,,,,,,,,,
2020-01-30 09:36:51.837000000,Add Order,1580395011837000000,A,2577124,S,8000.0,25.21,252100.0,XIU,2.0,,,,,,,,,,,,,,
2020-01-30 09:36:51.945000000,Add Order,1580395011945000000,A,2577463,S,8000.0,25.19,251900.0,XIU,2.0,,,,,,,,,,,,,,
2020-01-30 09:36:52.163000000,Add Order,1580395012163000000,A,2578674,S,8000.0,25.21,252100.0,XIU,2.0,,,,,,,,,,,,,,
2020-01-30 09:36:52.229000000,Add Order,1580395012229000000,A,2579252,S,8000.0,25.19,251900.0,XIU,2.0,,,,,,,,,,,,,,
2020-01-30 09:36:52.414000000,Add Order,1580395012414000000,A,2580673,S,8000.0,25.21,252100.0,XIU,2.0,,,,,,,,,,,,,,
2020-01-30 09:36:52.538000000,Add Order,1580395012538000000,A,2581744,S,8000.0,25.19,251900.0,XIU,2.0,,,,,,,,,,,,,,
2020-01-30 09:36:52.915000000,Add Order,1580395012915000000,A,2583738,S,8000.0,25.21,252100.0,XIU,2.0,,,,,,,,,,,,,,
2020-01-30 09:36:52.917000000,Add Order,1580395012917000000,A,2583816,S,8000.0,25.19,251900.0,XIU,2.0,,,,,,,,,,,,,,
2020-01-30 09:36:52.918000000,Add Order,1580395012918000000,A,2583854,S,8000.0,25.21,252100.0,XIU,2.0,,,,,,,,,,,,,,
2020-01-30 09:36:53.418000000,Add Order,1580395013418000000,A,2587131,S,8000.0,25.19,251900.0,XIU,2.0,,,,,,,,,,,,,,
2020-01-30 09:36:53.557000000,Add Order,1580395013557000000,A,2587641,S,8000.0,25.21,252100.0,XIU,2.0,,,,,,,,,,,,,,
2020-01-30 09:36:53.557000000,Add Order,1580395013557000000,A,2587648,S,8000.0,25.19,251900.0,XIU,2.0,,,,,,,,,,,,,,
2020-01-30 09:36:53.742000000,Add Order,1580395013742000000,A,2588425,S,8000.0,25.19,251900.0,XIU,2.0,,,,,,,,,,,,,,
2020-01-30 09:36:54.250000000,Add Order,1580395014250000000,A,2591288,S,8000.0,25.21,252100.0,XIU,2.0,,,,,,,,,,,,,,
2020-01-30 09:36:54.291000000,Add Order,1580395014291000000,A,2591489,S,8000.0,25.19,251900.0,XIU,2.0,,,,,,,,,,,,,,
2020-01-30 09:36:54.514000000,Add Order,1580395014514000000,A,2592642,S,8000.0,25.21,252100.0,XIU,2.0,,,,,,,,,,,,,,
2020-01-30 09:36:54.580000000,Add Order,1580395014580000000,A,2592983,S,8000.0,25.19,251900.0,XIU,2.0,,,,,,,,,,,,,,
2020-01-30 09:36:54.682000000,Add Order,1580395014682000000,A,2593595,S,8000.0,25.21,252100.0,XIU,2.0,,,,,,,,,,,,,,
2020-01-30 09:36:54.787000000,Add Order,1580395014787000000,A,2594116,S,8000.0,25.19,251900.0,XIU,2.0,,,,,,,,,,,,,,
2020-01-30 09:36:56.850000000,Add Order,1580395016850000000,A,2610501,B,8000.0,25.16,251600.0,XIU,2.0,,,,,,,,,,,,,,
2020-01-30 09:36:59.165000000,Add Order,1580395019165000000,A,2623038,S,8000.0,25.21,252100.0,XIU,2.0,,,,,,,,,,,,,,
2020-01-30 09:36:59.182000000,Add Order,1580395019182000000,A,2623172,S,8000.0,25.19,251900.0,XIU,2.0,,,,,,,,,,,,,,
2020-01-30 09:36:59.298000000,Add Order,1580395019298000000,A,2624079,S,8000.0,25.21,252100.0,XIU,2.0,,,,,,,,,,,,,,
2020-01-30 09:36:59.698000000,Add Order,1580395019698000000,A,2626397,S,8000.0,25.19,251900.0,XIU,2.0,,,,,,,,,,,,,,
2020-01-30 09:37:00.482000000,Add Order,1580395020482000000,A,2633378,S,8000.0,25.21,252100.0,XIU,2.0,,,,,,,,,,,,,,
2020-01-30 09:37:01.273000000,Add Order,1580395021273000000,A,2642086,S,8000.0,25.19,251900.0,XIU,2.0,,,,,,,,,,,,,,
2020-01-30 09:37:01.960000000,Add Order,1580395021960000000,A,2646472,B,8000.0,25.14,251400.0,XIU,2.0,,,,,,,,,,,,,,
2020-01-30 09:37:12.785000000,Add Order,1580395032785000000,A,2713542,S,8000.0,25.18,251800.0,XIU,2.0,,,,,,,,,,,,,,
2020-01-30 09:37:12.804000000,Add Order,1580395032804000000,A,2714530,B,8000.0,25.13,251300.0,XIU,2.0,,,,,,,,,,,,,,
2020-01-30 09:37:14.513000000,Add Order,1580395034513000000,A,2725265,S,8000.0,25.2,252000.0,XIU,2.0,,,,,,,,,,,,,,
2020-01-30 09:37:15.011000000,Add Order,1580395035011000000,A,2728638,S,8000.0,25.18,251800.0,XIU,2.0,,,,,,,,,,,,,,
2020-01-30 09:37:15.532000000,Add Order,1580395035532000000,A,2731884,S,8000.0,25.2,252000.0,XIU,2.0,,,,,,,,,,,,,,
2020-01-30 09:37:18.292000000,Add Order,1580395038292000000,A,2748843,S,8000.0,25.18,251800.0,XIU,2.0,,,,,,,,,,,,,,
2020-01-30 09:37:36.701000000,Add Order,1580395056701000000,A,2856780,B,8000.0,25.15,251500.0,XIU,2.0,,,,,,,,,,,,,,
2020-01-30 09:37:38.955000000,Add Order,1580395058955000000,A,2870587,B,8000.0,25.13,251300.0,XIU,2.0,,,,,,,,,,,,,,
2020-01-30 09:37:57.011000000,Add Order,1580395077011000000,A,2954750,B,8000.0,25.15,251500.0,XIU,2.0,,,,,,,,,,,,,,
2020-01-30 09:37:58.839000000,Add Order,1580395078839000000,A,2965815,B,8000.0,25.13,251300.0,XIU,2.0,,,,,,,,,,,,,,
2020-01-30 09:37:59.504000000,Add Order,1580395079504000000,A,2968778,B,8000.0,25.15,251500.0,XIU,2.0,,,,,,,,,,,,,,
2020-01-30 09:37:59.512000000,Add Order,1580395079512000000,A,2968826,B,8000.0,25.13,251300.0,XIU,2.0,,,,,,,,,,,,,,
2020-01-30 09:37:59.513000000,Add Order,1580395079513000000,A,2968842,B,8000.0,25.15,251500.0,XIU,2.0,,,,,,,,,,,,,,
2020-01-30 09:37:59.513000000,Add Order,1580395079513000000,A,2968843,B,8000.0,25.13,251300.0,XIU,2.0,,,,,,,,,,,,,,
2020-01-30 09:38:00.044000000,Add Order,1580395080044000000,A,2971497,B,8000.0,25.15,251500.0,XIU,2.0,,,,,,,,,,,,,,
2020-01-30 09:38:00.817000000,Add Order,1580395080817000000,A,2978570,B,8000.0,25.13,251300.0,XIU,2.0,,,,,,,,,,,,,,
2020-01-30 09:38:01.466000000,Add Order,1580395081466000000,A,2987015,S,8000.0,25.17,251700.0,XIU,2.0,,,,,,,,,,,,,,
2020-01-30 09:38:03.973000000,Add Order,1580395083973000000,A,3003612,S,8000.0,25.19,251900.0,XIU,2.0,,,,,,,,,,,,,,
2020-01-30 09:38:05.650000000,Add Order,1580395085650000000,A,3015068,B,8000.0,25.15,251500.0,XIU,2.0,,,,,,,,,,,,,,
2020-01-30 09:38:07.733000000,Add Order,1580395087733000000,A,3026603,B,8000.0,25.13,251300.0,XIU,2.0,,,,,,,,,,,,,,
2020-01-30 09:38:07.733000000,Add Order,1580395087733000000,A,3026605,B,8000.0,25.15,251500.0,XIU,2.0,,,,,,,,,,,,,,
2020-01-30 09:38:07.761000000,Add Order,1580395087761000000,A,3026812,B,8000.0,25.13,251300.0,XIU,2.0,,,,,,,,,,,,,,
2020-01-30 09:38:07.941000000,Add Order,1580395087941000000,A,3028015,B,8000.0,25.15,251500.0,XIU,2.0,,,,,,,,,,,,,,
2020-01-30 09:38:07.942000000,Add Order,1580395087942000000,A,3028052,B,8000.0,25.13,251300.0,XIU,2.0,,,,,,,,,,,,,,
2020-01-30 09:38:08.507000000,Add Order,1580395088507000000,A,3032413,B,8000.0,25.15,251500.0,XIU,2.0,,,,,,,,,,,,,,
2020-01-30 09:38:08.882000000,Add Order,1580395088882000000,A,3034054,B,8000.0,25.13,251300.0,XIU,2.0,,,,,,,,,,,,,,
2020-01-30 09:38:08.882000000,Add Order,1580395088882000000,A,3034057,B,8000.0,25.15,251500.0,XIU,2.0,,,,,,,,,,,,,,
2020-01-30 09:38:08.898000000,Add Order,1580395088898000000,A,3034151,B,8000.0,25.13,251300.0,XIU,2.0,,,,,,,,,,,,,,
2020-01-30 09:38:08.958000000,Add Order,1580395088958000000,A,3034281,B,8000.0,25.15,251500.0,XIU,2.0,,,,,,,,,,,,,,
2020-01-30 09:38:14.266000000,Add Order,1580395094266000000,A,3064990,S,8000.0,25.2,252000.0,XIU,2.0,,,,,,,,,,,,,,
2020-01-30 09:38:24.267000000,Add Order,1580395104267000000,A,3126545,S,8000.0,25.18,251800.0,XIU,2.0,,,,,,,,,,,,,,
2020-01-30 09:38:27.396000000,Add Order,1580395107396000000,A,3140702,S,8000.0,25.2,252000.0,XIU,2.0,,,,,,,,,,,,,,
2020-01-30 09:38:33.103000000,Add Order,1580395113103000000,A,3168281,B,8000.0,25.13,251300.0,XIU,2.0,,,,,,,,,,,,,,
2020-01-30 09:38:33.169000000,Add Order,1580395113169000000,A,3168534,S,8000.0,25.18,251800.0,XIU,2.0,,,,,,,,,,,,,,
2020-01-30 09:38:33.556000000,Add Order,1580395113556000000,A,3169840,S,8000.0,25.2,252000.0,XIU,2.0,,,,,,,,,,,,,,
2020-01-30 09:38:33.621000000,Add Order,1580395113621000000,A,3170038,S,8000.0,25.18,251800.0,XIU,2.0,,,,,,,,,,,,,,
2020-01-30 09:38:33.978000000,Add Order,1580395113978000000,A,3171491,S,8000.0,25.2,252000.0,XIU,2.0,,,,,,,,,,,,,,
2020-01-30 09:38:35.100000000,Add Order,1580395115100000000,A,3175844,S,8000.0,25.18,251800.0,XIU,2.0,,,,,,,,,,,,,,
2020-01-30 09:38:39.409000000,Add Order,1580395119409000000,A,3201948,B,8000.0,25.15,251500.0,XIU,2.0,,,,,,,,,,,,,,
2020-01-30 09:38:40.341000000,Add Order,1580395120341000000,A,3206360,B,8000.0,25.13,251300.0,XIU,2.0,,,,,,,,,,,,,,
2020-01-30 09:38:40.692000000,Add Order,1580395120692000000,A,3208908,B,8000.0,25.15,251500.0,XIU,2.0,,,,,,,,,,,,,,
2020-01-30 09:38:41.606000000,Add Order,1580395121606000000,A,3212274,B,8000.0,25.13,251300.0,XIU,2.0,,,,,,,,,,,,,,
2020-01-30 09:38:52.531000000,Add Order,1580395132531000000,A,3263317,B,8000.0,25.15,251500.0,XIU,2.0,,,,,,,,,,,,,,
2020-01-30 09:38:52.721000000,Add Order,1580395132721000000,A,3264499,B,8000.0,25.13,251300.0,XIU,2.0,,,,,,,,,,,,,,
2020-01-30 09:38:52.755000000,Add Order,1580395132755000000,A,3264757,B,8000.0,25.15,251500.0,XIU,2.0,,,,,,,,,,,,,,
2020-01-30 09:38:52.755000000,Add Order,1580395132755000000,A,3264761,S,8000.0,25.2,252000.0,XIU,2.0,,,,,,,,,,,,,,
2020-01-30 09:38:54.223000000,Add Order,1580395134223000000,A,3272621,B,8000.0,25.13,251300.0,XIU,2.0,,,,,,,,,,,,,,
2020-01-30 09:38:54.290000000,Add Order,1580395134290000000,A,3273032,B,8000.0,25.15,251500.0,XIU,2.0,,,,,,,,,,,,,,
2020-01-30 09:38:55.007000000,Add Order,1580395135007000000,A,3277583,S,8000.0,25.18,251800.0,XIU,2.0,,,,,,,,,,,,,,
2020-01-30 09:38:55.007000000,Add Order,1580395135007000000,A,3277585,B,8000.0,25.13,251300.0,XIU,2.0,,,,,,,,,,,,,,
2020-01-30 09:38:55.969000000,Add Order,1580395135969000000,A,3282289,B,8000.0,25.15,251500.0,XIU,2.0,,,,,,,,,,,,,,
2020-01-30 09:38:55.969000000,Add Order,1580395135969000000,A,3282290,S,8000.0,25.2,252000.0,XIU,2.0,,,,,,,,,,,,,,
2020-01-30 09:38:57.882000000,Add Order,1580395137882000000,A,3290087,B,8000.0,25.13,251300.0,XIU,2.0,,,,,,,,,,,,,,
2020-01-30 09:38:57.882000000,Add Order,1580395137882000000,A,3290088,S,8000.0,25.18,251800.0,XIU,2.0,,,,,,,,,,,,,,
2020-01-30 09:38:58.955000000,Add Order,1580395138955000000,A,3294513,B,8000.0,25.15,251500.0,XIU,2.0,,,,,,,,,,,,,,
2020-01-30 09:38:59.224000000,Add Order,1580395139224000000,A,3296165,S,8000.0,25.2,252000.0,XIU,2.0,,,,,,,,,,,,,,
2020-01-30 09:39:00.256000000,Add Order,1580395140256000000,A,3301511,S,8000.0,25.18,251800.0,XIU,2.0,,,,,,,,,,,,,,
2020-01-30 09:39:01.128000000,Add Order,1580395141128000000,A,3306509,B,8000.0,25.13,251300.0,XIU,2.0,,,,,,,,,,,,,,
2020-01-30 09:39:01.719000000,Add Order,1580395141719000000,A,3309575,B,8000.0,25.15,251500.0,XIU,2.0,,,,,,,,,,,,,,
2020-01-30 09:39:02.565000000,Add Order,1580395142565000000,A,3314683,B,8000.0,25.13,251300.0,XIU,2.0,,,,,,,,,,,,,,
2020-01-30 09:39:02.565000000,Add Order,1580395142565000000,A,3314687,B,8000.0,25.15,251500.0,XIU,2.0,,,,,,,,,,,,,,
2020-01-30 09:39:02.903000000,Add Order,1580395142903000000,A,3317754,B,8000.0,25.13,251300.0,XIU,2.0,,,,,,,,,,,,,,
2020-01-30 09:39:02.903000000,Add Order,1580395142903000000,A,3317757,B,8000.0,25.15,251500.0,XIU,2.0,,,,,,,,,,,,,,
2020-01-30 09:39:04.688000000,Add Order,1580395144688000000,A,3328002,B,8000.0,25.13,251300.0,XIU,2.0,,,,,,,,,,,,,,
2020-01-30 09:39:05.697000000,Add Order,1580395145697000000,A,3336386,B,8000.0,25.15,251500.0,XIU,2.0,,,,,,,,,,,,,,
2020-01-30 09:39:06.876000000,Add Order,1580395146876000000,A,3341498,B,8000.0,25.13,251300.0,XIU,2.0,,,,,,,,,,,,,,
2020-01-30 09:39:08.231000000,Add Order,1580395148231000000,A,3348177,B,8000.0,25.15,251500.0,XIU,2.0,,,,,,,,,,,,,,
2020-01-30 09:39:11.112000000,Add Order,1580395151112000000,A,3366496,S,8000.0,25.2,252000.0,XIU,2.0,,,,,,,,,,,,,,
2020-01-30 09:39:15.202000000,Add Order,1580395155202000000,A,3390014,B,8000.0,25.13,251300.0,XIU,2.0,,,,,,,,,,,,,,
2020-01-30 09:39:15.243000000,Add Order,1580395155243000000,A,3390230,B,8000.0,25.15,251500.0,XIU,2.0,,,,,,,,,,,,,,
2020-01-30 09:39:15.608000000,Add Order,1580395155608000000,A,3392165,S,8000.0,25.18,251800.0,XIU,2.0,,,,,,,,,,,,,,
2020-01-30 09:39:15.608000000,Add Order,1580395155608000000,A,3392167,B,8000.0,25.13,251300.0,XIU,2.0,,,,,,,,,,,,,,
2020-01-30 09:39:15.674000000,Add Order,1580395155674000000,A,3392505,S,8000.0,25.2,252000.0,XIU,2.0,,,,,,,,,,,,,,
2020-01-30 09:39:15.674000000,Add Order,1580395155674000000,A,3392510,B,8000.0,25.15,251500.0,XIU,2.0,,,,,,,,,,,,,,
2020-01-30 09:39:16.192000000,Add Order,1580395156192000000,A,3394523,B,8000.0,25.13,251300.0,XIU,2.0,,,,,,,,,,,,,,
2020-01-30 09:39:16.192000000,Add Order,1580395156192000000,A,3394525,B,8000.0,25.15,251500.0,XIU,2.0,,,,,,,,,,,,,,
2020-01-30 09:39:17.536000000,Add Order,1580395157536000000,A,3399227,S,8000.0,25.18,251800.0,XIU,2.0,,,,,,,,,,,,,,
2020-01-30 09:39:17.536000000,Add Order,1580395157536000000,A,3399228,B,8000.0,25.13,251300.0,XIU,2.0,,,,,,,,,,,,,,
2020-01-30 09:39:17.536000000,Add Order,1580395157536000000,A,3399231,B,8000.0,25.15,251500.0,XIU,2.0,,,,,,,,,,,,,,
2020-01-30 09:39:17.726000000,Add Order,1580395157726000000,A,3400832,S,8000.0,25.2,252000.0,XIU,2.0,,,,,,,,,,,,,,
2020-01-30 09:39:22.129000000,Add Order,1580395162129000000,A,3422460,S,8000.0,25.18,251800.0,XIU,2.0,,,,,,,,,,,,,,
2020-01-30 09:39:22.303000000,Add Order,1580395162303000000,A,3423465,S,8000.0,25.2,252000.0,XIU,2.0,,,,,,,,,,,,,,
2020-01-30 09:39:22.303000000,Add Order,1580395162303000000,A,3423471,S,8000.0,25.18,251800.0,XIU,2.0,,,,,,,,,,,,,,
2020-01-30 09:39:22.598000000,Add Order,1580395162598000000,A,3424876,S,8000.0,25.2,252000.0,XIU,2.0,,,,,,,,,,,,,,
2020-01-30 09:39:23.769000000,Add Order,1580395163769000000,A,3430065,S,8000.0,25.18,251800.0,XIU,2.0,,,,,,,,,,,,,,
2020-01-30 09:39:25.100000000,Add Order,1580395165100000000,A,3434765,S,8000.0,25.2,252000.0,XIU,2.0,,,,,,,,,,,,,,
2020-01-30 09:39:27.973000000,Add Order,1580395167973000000,A,3448519,S,8000.0,25.18,251800.0,XIU,2.0,,,,,,,,,,,,,,
2020-01-30 09:39:32.002000000,Add Order,1580395172002000000,A,3467346,S,8000.0,25.2,252000.0,XIU,2.0,,,,,,,,,,,,,,
2020-01-30 09:39:33.229000000,Add Order,1580395173229000000,A,3473084,S,8000.0,25.18,251800.0,XIU,2.0,,,,,,,,,,,,,,
2020-01-30 09:39:34.034000000,Add Order,1580395174034000000,A,3478405,S,8000.0,25.2,252000.0,XIU,2.0,,,,,,,,,,,,,,
2020-01-30 09:39:42.609000000,Add Order,1580395182609000000,A,3519354,S,8000.0,25.18,251800.0,XIU,2.0,,,,,,,,,,,,,,
2020-01-30 09:39:44.639000000,Add Order,1580395184639000000,A,3527938,B,8000.0,25.13,251300.0,XIU,2.0,,,,,,,,,,,,,,
2020-01-30 09:39:44.639000000,Add Order,1580395184639000000,A,3527960,B,8000.0,25.15,251500.0,XIU,2.0,,,,,,,,,,,,,,
2020-01-30 09:39:49.022000000,Add Order,1580395189022000000,A,3548245,B,8000.0,25.13,251300.0,XIU,2.0,,,,,,,,,,,,,,
2020-01-30 09:39:52.237000000,Add Order,1580395192237000000,A,3562177,B,8000.0,25.15,251500.0,XIU,2.0,,,,,,,,,,,,,,
2020-01-30 09:40:03.196000000,Add Order,1580395203196000000,A,3628228,S,8000.0,25.2,252000.0,XIU,2.0,,,,,,,,,,,,,,
2020-01-30 09:40:08.164000000,Add Order,1580395208164000000,A,3659155,S,8000.0,25.18,251800.0,XIU,2.0,,,,,,,,,,,,,,
2020-01-30 09:40:22.694000000,Add Order,1580395222694000000,A,3740050,B,8000.0,25.13,251300.0,XIU,2.0,,,,,,,,,,,,,,
2020-01-30 09:40:22.702000000,Add Order,1580395222702000000,A,3740148,B,8000.0,25.15,251500.0,XIU,2.0,,,,,,,,,,,,,,
2020-01-30 09:40:22.703000000,Add Order,1580395222703000000,A,3740195,B,8000.0,25.13,251300.0,XIU,2.0,,,,,,,,,,,,,,
2020-01-30 09:40:25.711000000,Add Order,1580395225711000000,A,3755811,B,8000.0,25.15,251500.0,XIU,2.0,,,,,,,,,,,,,,
2020-01-30 09:40:27.132000000,Add Order,1580395227132000000,A,3765297,B,8000.0,25.13,251300.0,XIU,2.0,,,,,,,,,,,,,,
2020-01-30 09:40:27.714000000,Add Order,1580395227714000000,A,3767919,S,8000.0,25.17,251700.0,XIU,2.0,,,,,,,,,,,,,,
2020-01-30 09:40:38.657000000,Add Order,1580395238657000000,A,3825058,B,8000.0,25.15,251500.0,XIU,2.0,,,,,,,,,,,,,,
2020-01-30 09:40:38.805000000,Add Order,1580395238805000000,A,3826837,S,8000.0,25.19,251900.0,XIU,2.0,,,,,,,,,,,,,,
2020-01-30 09:40:39.376000000,Add Order,1580395239376000000,A,3828613,S,8000.0,25.17,251700.0,XIU,2.0,,,,,,,,,,,,,,
2020-01-30 09:40:45.615000000,Add Order,1580395245615000000,A,3853309,S,8000.0,25.19,251900.0,XIU,2.0,,,,,,,,,,,,,,
2020-01-30 09:40:48.711000000,Add Order,1580395248711000000,A,3867499,S,8000.0,25.17,251700.0,XIU,2.0,,,,,,,,,,,,,,
2020-01-30 09:40:49.720000000,Add Order,1580395249720000000,A,3875652,B,8000.0,25.13,251300.0,XIU,2.0,,,,,,,,,,,,,,
2020-01-30 09:40:51.645000000,Add Order,1580395251645000000,A,3888897,S,8000.0,25.16,251600.0,XIU,2.0,,,,,,,,,,,,,,
2020-01-30 09:40:52.564000000,Add Order,1580395252564000000,A,3894499,B,8000.0,25.12,251200.0,XIU,2.0,,,,,,,,,,,,,,
2020-01-30 09:40:54.244000000,Add Order,1580395254244000000,A,3903985,B,8000.0,25.14,251400.0,XIU,2.0,,,,,,,,,,,,,,
2020-01-30 09:40:54.654000000,Add Order,1580395254654000000,A,3908365,S,8000.0,25.18,251800.0,XIU,2.0,,,,,,,,,,,,,,
2020-01-30 09:41:08.620000000,Add Order,1580395268620000000,A,3990985,S,8000.0,25.16,251600.0,XIU,2.0,,,,,,,,,,,,,,
2020-01-30 09:41:08.886000000,Add Order,1580395268886000000,A,3993645,S,8000.0,25.18,251800.0,XIU,2.0,,,,,,,,,,,,,,
2020-01-30 09:41:17.049000000,Add Order,1580395277049000000,A,4041276,B,8000.0,25.15,251500.0,XIU,2.0,,,,,,,,,,,,,,
2020-01-30 09:41:22.665000000,Add Order,1580395282665000000,A,4082618,S,8000.0,25.19,251900.0,XIU,2.0,,,,,,,,,,,,,,
2020-01-30 09:41:25.060000000,Add Order,1580395285060000000,A,4101077,S,8000.0,25.17,251700.0,XIU,2.0,,,,,,,,,,,,,,
2020-01-30 09:41:26.335000000,Add Order,1580395286335000000,A,4110173,B,8000.0,25.13,251300.0,XIU,2.0,,,,,,,,,,,,,,
2020-01-30 09:41:26.510000000,Add Order,1580395286510000000,A,4111962,B,8000.0,25.15,251500.0,XIU,2.0,,,,,,,,,,,,,,
2020-01-30 09:41:26.511000000,Add Order,1580395286511000000,A,4112016,B,8000.0,25.13,251300.0,XIU,2.0,,,,,,,,,,,,,,
2020-01-30 09:41:26.513000000,Add Order,1580395286513000000,A,4112178,B,8000.0,25.15,251500.0,XIU,2.0,,,,,,,,,,,,,,
2020-01-30 09:41:26.514000000,Add Order,1580395286514000000,A,4112256,B,8000.0,25.13,251300.0,XIU,2.0,,,,,,,,,,,,,,
2020-01-30 09:41:28.964000000,Add Order,1580395288964000000,A,4131624,S,8000.0,25.16,251600.0,XIU,2.0,,,,,,,,,,,,,,
2020-01-30 09:41:28.964000000,Add Order,1580395288964000000,A,4131666,S,8000.0,25.18,251800.0,XIU,2.0,,,,,,,,,,,,,,
2020-01-30 09:41:28.965000000,Add Order,1580395288965000000,A,4131707,S,8000.0,25.16,251600.0,XIU,2.0,,,,,,,,,,,,,,
2020-01-30 09:41:29.024000000,Add Order,1580395289024000000,A,4132164,S,8000.0,25.18,251800.0,XIU,2.0,,,,,,,,,,,,,,
2020-01-30 09:41:31.717000000,Add Order,1580395291717000000,A,4147952,B,8000.0,25.15,251500.0,XIU,2.0,,,,,,,,,,,,,,
2020-01-30 09:41:31.719000000,Add Order,1580395291719000000,A,4148055,B,8000.0,25.13,251300.0,XIU,2.0,,,,,,,,,,,,,,
2020-01-30 09:41:31.720000000,Add Order,1580395291720000000,A,4148098,B,8000.0,25.15,251500.0,XIU,2.0,,,,,,,,,,,,,,
2020-01-30 09:41:31.980000000,Add Order,1580395291980000000,A,4149623,B,8000.0,25.13,251300.0,XIU,2.0,,,,,,,,,,,,,,
2020-01-30 09:41:32.108000000,Add Order,1580395292108000000,A,4150228,B,8000.0,25.15,251500.0,XIU,2.0,,,,,,,,,,,,,,
2020-01-30 09:41:35.465000000,Add Order,1580395295465000000,A,4165186,B,8000.0,25.13,251300.0,XIU,2.0,,,,,,,,,,,,,,
2020-01-30 09:41:38.676000000,Add Order,1580395298676000000,A,4178887,S,8000.0,25.16,251600.0,XIU,2.0,,,,,,,,,,,,,,
2020-01-30 09:41:44.445000000,Add Order,1580395304445000000,A,4208206,B,8000.0,25.12,251200.0,XIU,2.0,,,,,,,,,,,,,,
2020-01-30 09:41:51.233000000,Add Order,1580395311233000000,A,4242426,B,8000.0,25.14,251400.0,XIU,2.0,,,,,,,,,,,,,,
2020-01-30 09:41:57.191000000,Add Order,1580395317191000000,A,4274697,B,8000.0,25.12,251200.0,XIU,2.0,,,,,,,,,,,,,,
2020-01-30 09:41:58.488000000,Add Order,1580395318488000000,A,4284547,B,8000.0,25.14,251400.0,XIU,2.0,,,,,,,,,,,,,,
2020-01-30 09:42:00.036000000,Add Order,1580395320036000000,A,4295824,S,8000.0,25.18,251800.0,XIU,2.0,,,,,,,,,,,,,,
2020-01-30 09:42:25.319000000,Add Order,1580395345319000000,A,4444366,S,8000.0,25.16,251600.0,XIU,2.0,,,,,,,,,,,,,,
2020-01-30 09:42:26.241000000,Add Order,1580395346241000000,A,4448505,B,8000.0,25.12,251200.0,XIU,2.0,,,,,,,,,,,,,,
2020-01-30 09:42:32.707000000,Add Order,1580395352707000000,A,4489549,B,8000.0,25.14,251400.0,XIU,2.0,,,,,,,,,,,,,,
2020-01-30 09:42:37.232000000,Add Order,1580395357232000000,A,4513202,B,8000.0,25.12,251200.0,XIU,2.0,,,,,,,,,,,,,,
2020-01-30 09:42:38.014000000,Add Order,1580395358014000000,A,4517723,S,8000.0,25.15,251500.0,XIU,2.0,,,,,,,,,,,,,,
2020-01-30 09:42:40.796000000,Add Order,1580395360796000000,A,4533511,S,8000.0,25.17,251700.0,XIU,2.0,,,,,,,,,,,,,,
2020-01-30 09:42:41.738000000,Add Order,1580395361738000000,A,4540531,B,8000.0,25.14,251400.0,XIU,2.0,,,,,,,,,,,,,,
2020-01-30 09:42:41.966000000,Add Order,1580395361966000000,A,4541847,B,8000.0,25.12,251200.0,XIU,2.0,,,,,,,,,,,,,,
2020-01-30 09:42:42.761000000,Add Order,1580395362761000000,A,4547432,B,8000.0,25.14,251400.0,XIU,2.0,,,,,,,,,,,,,,
2020-01-30 09:42:44.123000000,Add Order,1580395364123000000,A,4553611,B,8000.0,25.12,251200.0,XIU,2.0,,,,,,,,,,,,,,
2020-01-30 09:42:44.124000000,Add Order,1580395364124000000,A,4553708,B,8000.0,25.14,251400.0,XIU,2.0,,,,,,,,,,,,,,
2020-01-30 09:42:44.561000000,Add Order,1580395364561000000,A,4555376,B,8000.0,25.12,251200.0,XIU,2.0,,,,,,,,,,,,,,
2020-01-30 09:42:44.562000000,Add Order,1580395364562000000,A,4555449,B,8000.0,25.14,251400.0,XIU,2.0,,,,,,,,,,,,,,
2020-01-30 09:42:44.564000000,Add Order,1580395364564000000,A,4555490,B,8000.0,25.12,251200.0,XIU,2.0,,,,,,,,,,,,,,
2020-01-30 09:42:44.647000000,Add Order,1580395364647000000,A,4556016,B,8000.0,25.14,251400.0,XIU,2.0,,,,,,,,,,,,,,
2020-01-30 09:42:45.630000000,Add Order,1580395365630000000,A,4560573,B,8000.0,25.12,251200.0,XIU,2.0,,,,,,,,,,,,,,
2020-01-30 09:42:47.575000000,Add Order,1580395367575000000,A,4575601,S,8000.0,25.15,251500.0,XIU,2.0,,,,,,,,,,,,,,
2020-01-30 09:42:49.942000000,Add Order,1580395369942000000,A,4590004,S,8000.0,25.17,251700.0,XIU,2.0,,,,,,,,,,,,,,
2020-01-30 09:42:50.078000000,Add Order,1580395370078000000,A,4590997,S,8000.0,25.15,251500.0,XIU,2.0,,,,,,,,,,,,,,
2020-01-30 09:42:50.078000000,Add Order,1580395370078000000,A,4590999,B,8000.0,25.11,251100.0,XIU,2.0,,,,,,,,,,,,,,
2020-01-30 09:42:50.080000000,Add Order,1580395370080000000,A,4591099,B,8000.0,25.13,251300.0,XIU,2.0,,,,,,,,,,,,,,
2020-01-30 09:42:50.087000000,Add Order,1580395370087000000,A,4591237,B,8000.0,25.11,251100.0,XIU,2.0,,,,,,,,,,,,,,
2020-01-30 09:42:50.213000000,Add Order,1580395370213000000,A,4592095,B,8000.0,25.13,251300.0,XIU,2.0,,,,,,,,,,,,,,
2020-01-30 09:42:53.679000000,Add Order,1580395373679000000,A,4616272,B,8000.0,25.11,251100.0,XIU,2.0,,,,,,,,,,,,,,
2020-01-30 09:42:53.681000000,Add Order,1580395373681000000,A,4616451,B,8000.0,25.13,251300.0,XIU,2.0,,,,,,,,,,,,,,
2020-01-30 09:42:53.998000000,Add Order,1580395373998000000,A,4617606,B,8000.0,25.11,251100.0,XIU,2.0,,,,,,,,,,,,,,
2020-01-30 09:42:54.849000000,Add Order,1580395374849000000,A,4622305,B,8000.0,25.13,251300.0,XIU,2.0,,,,,,,,,,,,,,
2020-01-30 09:43:00.081000000,Add Order,1580395380081000000,A,4650845,B,8000.0,25.11,251100.0,XIU,2.0,,,,,,,,,,,,,,
2020-01-30 09:43:00.082000000,Add Order,1580395380082000000,A,4650873,B,8000.0,25.13,251300.0,XIU,2.0,,,,,,,,,,,,,,
2020-01-30 09:43:00.084000000,Add Order,1580395380084000000,A,4650917,B,8000.0,25.11,251100.0,XIU,2.0,,,,,,,,,,,,,,
2020-01-30 09:43:00.084000000,Add Order,1580395380084000000,A,4650927,B,8000.0,25.13,251300.0,XIU,2.0,,,,,,,,,,,,,,
2020-01-30 09:43:02.415000000,Add Order,1580395382415000000,A,4664976,B,8000.0,25.11,251100.0,XIU,2.0,,,,,,,,,,,,,,
2020-01-30 09:43:02.415000000,Add Order,1580395382415000000,A,4665001,B,8000.0,25.13,251300.0,XIU,2.0,,,,,,,,,,,,,,
2020-01-30 09:43:02.499000000,Add Order,1580395382499000000,A,4665578,B,8000.0,25.11,251100.0,XIU,2.0,,,,,,,,,,,,,,
2020-01-30 09:43:02.499000000,Add Order,1580395382499000000,A,4665603,B,8000.0,25.13,251300.0,XIU,2.0,,,,,,,,,,,,,,
2020-01-30 09:43:02.689000000,Add Order,1580395382689000000,A,4667083,B,8000.0,25.11,251100.0,XIU,2.0,,,,,,,,,,,,,,
2020-01-30 09:43:03.045000000,Add Order,1580395383045000000,A,4669273,B,8000.0,25.13,251300.0,XIU,2.0,,,,,,,,,,,,,,
2020-01-30 09:43:04.051000000,Add Order,1580395384051000000,A,4674023,S,8000.0,25.17,251700.0,XIU,2.0,,,,,,,,,,,,,,
2020-01-30 09:43:05.065000000,Add Order,1580395385065000000,A,4681777,S,8000.0,25.15,251500.0,XIU,2.0,,,,,,,,,,,,,,
2020-01-30 09:43:05.310000000,Add Order,1580395385310000000,A,4683775,S,8000.0,25.17,251700.0,XIU,2.0,,,,,,,,,,,,,,
2020-01-30 09:43:14.694000000,Add Order,1580395394694000000,A,4729321,S,8000.0,25.15,251500.0,XIU,2.0,,,,,,,,,,,,,,
2020-01-30 09:43:14.716000000,Add Order,1580395394716000000,A,4729488,S,8000.0,25.17,251700.0,XIU,2.0,,,,,,,,,,,,,,
2020-01-30 09:43:14.717000000,Add Order,1580395394717000000,A,4729533,S,8000.0,25.15,251500.0,XIU,2.0,,,,,,,,,,,,,,
2020-01-30 09:43:14.718000000,Add Order,1580395394718000000,A,4729573,S,8000.0,25.17,251700.0,XIU,2.0,,,,,,,,,,,,,,
2020-01-30 09:43:18.243000000,Add Order,1580395398243000000,A,4744295,S,8000.0,25.15,251500.0,XIU,2.0,,,,,,,,,,,,,,
2020-01-30 09:43:18.455000000,Add Order,1580395398455000000,A,4745514,S,8000.0,25.17,251700.0,XIU,2.0,,,,,,,,,,,,,,
2020-01-30 09:43:18.456000000,Add Order,1580395398456000000,A,4745560,S,8000.0,25.15,251500.0,XIU,2.0,,,,,,,,,,,,,,
2020-01-30 09:43:18.518000000,Add Order,1580395398518000000,A,4745764,S,8000.0,25.17,251700.0,XIU,2.0,,,,,,,,,,,,,,
2020-01-30 09:43:18.771000000,Add Order,1580395398771000000,A,4746741,S,8000.0,25.15,251500.0,XIU,2.0,,,,,,,,,,,,,,
2020-01-30 09:43:18.861000000,Add Order,1580395398861000000,A,4747030,S,8000.0,25.17,251700.0,XIU,2.0,,,,,,,,,,,,,,
2020-01-30 09:43:19.018000000,Add Order,1580395399018000000,A,4747548,S,8000.0,25.15,251500.0,XIU,2.0,,,,,,,,,,,,,,
2020-01-30 09:43:19.024000000,Add Order,1580395399024000000,A,4747629,S,8000.0,25.17,251700.0,XIU,2.0,,,,,,,,,,,,,,
2020-01-30 09:43:19.024000000,Add Order,1580395399024000000,A,4747648,S,8000.0,25.15,251500.0,XIU,2.0,,,,,,,,,,,,,,
2020-01-30 09:43:19.214000000,Add Order,1580395399214000000,A,4748376,S,8000.0,25.17,251700.0,XIU,2.0,,,,,,,,,,,,,,
2020-01-30 09:43:19.419000000,Add Order,1580395399419000000,A,4749434,S,8000.0,25.15,251500.0,XIU,2.0,,,,,,,,,,,,,,
2020-01-30 09:43:19.422000000,Add Order,1580395399422000000,A,4749485,S,8000.0,25.17,251700.0,XIU,2.0,,,,,,,,,,,,,,
2020-01-30 09:43:22.250000000,Add Order,1580395402250000000,A,4768113,B,8000.0,25.14,251400.0,XIU,2.0,,,,,,,,,,,,,,
2020-01-30 09:43:22.351000000,Add Order,1580395402351000000,A,4768624,B,8000.0,25.12,251200.0,XIU,2.0,,,,,,,,,,,,,,
2020-01-30 09:43:22.351000000,Add Order,1580395402351000000,A,4768680,B,8000.0,25.14,251400.0,XIU,2.0,,,,,,,,,,,,,,
2020-01-30 09:43:24.903000000,Add Order,1580395404903000000,A,4785438,B,8000.0,25.12,251200.0,XIU,2.0,,,,,,,,,,,,,,
2020-01-30 09:43:24.903000000,Add Order,1580395404903000000,A,4785500,B,8000.0,25.14,251400.0,XIU,2.0,,,,,,,,,,,,,,
2020-01-30 09:43:28.553000000,Add Order,1580395408553000000,A,4806122,B,8000.0,25.12,251200.0,XIU,2.0,,,,,,,,,,,,,,
2020-01-30 09:43:28.716000000,Add Order,1580395408716000000,A,4809119,B,8000.0,25.14,251400.0,XIU,2.0,,,,,,,,,,,,,,
2020-01-30 09:43:29.100000000,Add Order,1580395409100000000,A,4812674,B,8000.0,25.12,251200.0,XIU,2.0,,,,,,,,,,,,,,
2020-01-30 09:43:29.102000000,Add Order,1580395409102000000,A,4812807,B,8000.0,25.14,251400.0,XIU,2.0,,,,,,,,,,,,,,
2020-01-30 09:43:31.000000000,Add Order,1580395411000000000,A,4823783,S,8000.0,25.18,251800.0,XIU,2.0,,,,,,,,,,,,,,
2020-01-30 09:43:31.001000000,Add Order,1580395411001000000,A,4823813,S,8000.0,25.16,251600.0,XIU,2.0,,,,,,,,,,,,,,
2020-01-30 09:43:31.113000000,Add Order,1580395411113000000,A,4824790,S,8000.0,25.18,251800.0,XIU,2.0,,,,,,,,,,,,,,
2020-01-30 09:43:31.113000000,Add Order,1580395411113000000,A,4824810,S,8000.0,25.16,251600.0,XIU,2.0,,,,,,,,,,,,,,
2020-01-30 09:43:31.173000000,Add Order,1580395411173000000,A,4825320,S,8000.0,25.18,251800.0,XIU,2.0,,,,,,,,,,,,,,
2020-01-30 09:43:31.674000000,Add Order,1580395411674000000,A,4827390,S,8000.0,25.16,251600.0,XIU,2.0,,,,,,,,,,,,,,
2020-01-30 09:43:31.930000000,Add Order,1580395411930000000,A,4829179,B,8000.0,25.12,251200.0,XIU,2.0,,,,,,,,,,,,,,
2020-01-30 09:43:32.195000000,Add Order,1580395412195000000,A,4831283,B,8000.0,25.14,251400.0,XIU,2.0,,,,,,,,,,,,,,
2020-01-30 09:43:32.830000000,Add Order,1580395412830000000,A,4837967,B,8000.0,25.12,251200.0,XIU,2.0,,,,,,,,,,,,,,
2020-01-30 09:43:33.498000000,Add Order,1580395413498000000,A,4842302,B,8000.0,25.14,251400.0,XIU,2.0,,,,,,,,,,,,,,
2020-01-30 09:43:34.720000000,Add Order,1580395414720000000,A,4851308,S,8000.0,25.18,251800.0,XIU,2.0,,,,,,,,,,,,,,
2020-01-30 09:43:35.134000000,Add Order,1580395415134000000,A,4853138,S,8000.0,25.16,251600.0,XIU,2.0,,,,,,,,,,,,,,
2020-01-30 09:43:35.663000000,Add Order,1580395415663000000,A,4855588,S,8000.0,25.18,251800.0,XIU,2.0,,,,,,,,,,,,,,
2020-01-30 09:43:35.664000000,Add Order,1580395415664000000,A,4855608,S,8000.0,25.16,251600.0,XIU,2.0,,,,,,,,,,,,,,
2020-01-30 09:43:35.740000000,Add Order,1580395415740000000,A,4855923,S,8000.0,25.18,251800.0,XIU,2.0,,,,,,,,,,,,,,
2020-01-30 09:43:35.741000000,Add Order,1580395415741000000,A,4855937,S,8000.0,25.16,251600.0,XIU,2.0,,,,,,,,,,,,,,
2020-01-30 09:43:35.851000000,Add Order,1580395415851000000,A,4856679,S,8000.0,25.18,251800.0,XIU,2.0,,,,,,,,,,,,,,
2020-01-30 09:43:36.501000000,Add Order,1580395416501000000,A,4861154,S,8000.0,25.16,251600.0,XIU,2.0,,,,,,,,,,,,,,
2020-01-30 09:43:36.548000000,Add Order,1580395416548000000,A,4861264,S,8000.0,25.18,251800.0,XIU,2.0,,,,,,,,,,,,,,
2020-01-30 09:43:37.000000000,Add Order,1580395417000000000,A,4863525,S,8000.0,25.16,251600.0,XIU,2.0,,,,,,,,,,,,,,
2020-01-30 09:43:38.076000000,Add Order,1580395418076000000,A,4869317,S,8000.0,25.18,251800.0,XIU,2.0,,,,,,,,,,,,,,
2020-01-30 09:43:38.653000000,Add Order,1580395418653000000,A,4872144,S,8000.0,25.16,251600.0,XIU,2.0,,,,,,,,,,,,,,
2020-01-30 09:43:42.145000000,Add Order,1580395422145000000,A,4893164,B,8000.0,25.12,251200.0,XIU,2.0,,,,,,,,,,,,,,
2020-01-30 09:43:43.447000000,Add Order,1580395423447000000,A,4899045,B,8000.0,25.14,251400.0,XIU,2.0,,,,,,,,,,,,,,
2020-01-30 09:43:43.453000000,Add Order,1580395423453000000,A,4899128,B,8000.0,25.12,251200.0,XIU,2.0,,,,,,,,,,,,,,
2020-01-30 09:43:43.454000000,Add Order,1580395423454000000,A,4899168,B,8000.0,25.14,251400.0,XIU,2.0,,,,,,,,,,,,,,
2020-01-30 09:43:43.454000000,Add Order,1580395423454000000,A,4899181,B,8000.0,25.12,251200.0,XIU,2.0,,,,,,,,,,,,,,
2020-01-30 09:43:44.450000000,Add Order,1580395424450000000,A,4903549,B,8000.0,25.14,251400.0,XIU,2.0,,,,,,,,,,,,,,
2020-01-30 09:43:45.613000000,Add Order,1580395425613000000,A,4908354,S,8000.0,25.18,251800.0,XIU,2.0,,,,,,,,,,,,,,
2020-01-30 09:43:46.609000000,Add Order,1580395426609000000,A,4913413,S,8000.0,25.16,251600.0,XIU,2.0,,,,,,,,,,,,,,
2020-01-30 09:43:48.961000000,Add Order,1580395428961000000,A,4926006,B,8000.0,25.12,251200.0,XIU,2.0,,,,,,,,,,,,,,
2020-01-30 09:43:48.964000000,Add Order,1580395428964000000,A,4926113,B,8000.0,25.14,251400.0,XIU,2.0,,,,,,,,,,,,,,
2020-01-30 09:43:49.758000000,Add Order,1580395429758000000,A,4929555,S,8000.0,25.18,251800.0,XIU,2.0,,,,,,,,,,,,,,
2020-01-30 09:43:49.759000000,Add Order,1580395429759000000,A,4929628,S,8000.0,25.16,251600.0,XIU,2.0,,,,,,,,,,,,,,
2020-01-30 09:43:49.762000000,Add Order,1580395429762000000,A,4929667,S,8000.0,25.18,251800.0,XIU,2.0,,,,,,,,,,,,,,
2020-01-30 09:43:49.763000000,Add Order,1580395429763000000,A,4929690,S,8000.0,25.16,251600.0,XIU,2.0,,,,,,,,,,,,,,
2020-01-30 09:43:49.889000000,Add Order,1580395429889000000,A,4930270,S,8000.0,25.18,251800.0,XIU,2.0,,,,,,,,,,,,,,
2020-01-30 09:43:50.433000000,Add Order,1580395430433000000,A,4932505,S,8000.0,25.16,251600.0,XIU,2.0,,,,,,,,,,,,,,
2020-01-30 09:43:50.434000000,Add Order,1580395430434000000,A,4932518,S,8000.0,25.18,251800.0,XIU,2.0,,,,,,,,,,,,,,
2020-01-30 09:43:50.480000000,Add Order,1580395430480000000,A,4932676,S,8000.0,25.16,251600.0,XIU,2.0,,,,,,,,,,,,,,
2020-01-30 09:43:50.531000000,Add Order,1580395430531000000,A,4932818,S,8000.0,25.18,251800.0,XIU,2.0,,,,,,,,,,,,,,
2020-01-30 09:43:50.936000000,Add Order,1580395430936000000,A,4934280,S,8000.0,25.16,251600.0,XIU,2.0,,,,,,,,,,,,,,
2020-01-30 09:43:50.962000000,Add Order,1580395430962000000,A,4934340,S,8000.0,25.18,251800.0,XIU,2.0,,,,,,,,,,,,,,
2020-01-30 09:43:51.033000000,Add Order,1580395431033000000,A,4934620,S,8000.0,25.16,251600.0,XIU,2.0,,,,,,,,,,,,,,
2020-01-30 09:43:51.501000000,Add Order,1580395431501000000,A,4937435,S,8000.0,25.18,251800.0,XIU,2.0,,,,,,,,,,,,,,
2020-01-30 09:43:51.502000000,Add Order,1580395431502000000,A,4937467,S,8000.0,25.16,251600.0,XIU,2.0,,,,,,,,,,,,,,
2020-01-30 09:43:51.569000000,Add Order,1580395431569000000,A,4937825,S,8000.0,25.18,251800.0,XIU,2.0,,,,,,,,,,,,,,
2020-01-30 09:43:51.570000000,Add Order,1580395431570000000,A,4937875,S,8000.0,25.16,251600.0,XIU,2.0,,,,,,,,,,,,,,
2020-01-30 09:43:51.766000000,Add Order,1580395431766000000,A,4938966,S,8000.0,25.18,251800.0,XIU,2.0,,,,,,,,,,,,,,
2020-01-30 09:43:52.070000000,Add Order,1580395432070000000,A,4940417,S,8000.0,25.16,251600.0,XIU,2.0,,,,,,,,,,,,,,
2020-01-30 09:43:54.277000000,Add Order,1580395434277000000,A,4953712,B,8000.0,25.12,251200.0,XIU,2.0,,,,,,,,,,,,,,
2020-01-30 09:43:54.278000000,Add Order,1580395434278000000,A,4953750,B,8000.0,25.14,251400.0,XIU,2.0,,,,,,,,,,,,,,
2020-01-30 09:43:54.279000000,Add Order,1580395434279000000,A,4953785,B,8000.0,25.12,251200.0,XIU,2.0,,,,,,,,,,,,,,
2020-01-30 09:43:54.281000000,Add Order,1580395434281000000,A,4953821,B,8000.0,25.14,251400.0,XIU,2.0,,,,,,,,,,,,,,
2020-01-30 09:43:54.381000000,Add Order,1580395434381000000,A,4954664,B,8000.0,25.12,251200.0,XIU,2.0,,,,,,,,,,,,,,
2020-01-30 09:43:55.165000000,Add Order,1580395435165000000,A,4956888,B,8000.0,25.14,251400.0,XIU,2.0,,,,,,,,,,,,,,
2020-01-30 09:43:55.169000000,Add Order,1580395435169000000,A,4956968,B,8000.0,25.12,251200.0,XIU,2.0,,,,,,,,,,,,,,
2020-01-30 09:43:55.974000000,Add Order,1580395435974000000,A,4960949,S,8000.0,25.18,251800.0,XIU,2.0,,,,,,,,,,,,,,
2020-01-30 09:43:55.981000000,Add Order,1580395435981000000,A,4961285,S,8000.0,25.16,251600.0,XIU,2.0,,,,,,,,,,,,,,
2020-01-30 09:43:56.380000000,Add Order,1580395436380000000,A,4964133,S,8000.0,25.18,251800.0,XIU,2.0,,,,,,,,,,,,,,
2020-01-30 09:43:56.767000000,Add Order,1580395436767000000,A,4965911,B,8000.0,25.14,251400.0,XIU,2.0,,,,,,,,,,,,,,
2020-01-30 09:43:56.768000000,Add Order,1580395436768000000,A,4965935,S,8000.0,25.16,251600.0,XIU,2.0,,,,,,,,,,,,,,
2020-01-30 09:43:57.406000000,Add Order,1580395437406000000,A,4969126,S,8000.0,25.18,251800.0,XIU,2.0,,,,,,,,,,,,,,
2020-01-30 09:43:57.406000000,Add Order,1580395437406000000,A,4969180,B,8000.0,25.12,251200.0,XIU,2.0,,,,,,,,,,,,,,
2020-01-30 09:43:57.407000000,Add Order,1580395437407000000,A,4969230,B,8000.0,25.14,251400.0,XIU,2.0,,,,,,,,,,,,,,
2020-01-30 09:43:57.407000000,Add Order,1580395437407000000,A,4969277,S,8000.0,25.16,251600.0,XIU,2.0,,,,,,,,,,,,,,
2020-01-30 09:43:57.413000000,Add Order,1580395437413000000,A,4969406,B,8000.0,25.12,251200.0,XIU,2.0,,,,,,,,,,,,,,
2020-01-30 09:43:57.415000000,Add Order,1580395437415000000,A,4969491,B,8000.0,25.14,251400.0,XIU,2.0,,,,,,,,,,,,,,
2020-01-30 09:44:00.115000000,Add Order,1580395440115000000,A,4983387,B,8000.0,25.12,251200.0,XIU,2.0,,,,,,,,,,,,,,
2020-01-30 09:44:00.961000000,Add Order,1580395440961000000,A,4992172,S,8000.0,25.15,251500.0,XIU,2.0,,,,,,,,,,,,,,
2020-01-30 09:44:05.478000000,Add Order,1580395445478000000,A,5022833,S,8000.0,25.17,251700.0,XIU,2.0,,,,,,,,,,,,,,
2020-01-30 09:44:09.964000000,Add Order,1580395449964000000,A,5049198,B,8000.0,25.14,251400.0,XIU,2.0,,,,,,,,,,,,,,
2020-01-30 09:44:16.039000000,Add Order,1580395456039000000,A,5078962,B,8000.0,25.12,251200.0,XIU,2.0,,,,,,,,,,,,,,
2020-01-30 09:44:18.350000000,Add Order,1580395458350000000,A,5090184,B,8000.0,25.14,251400.0,XIU,2.0,,,,,,,,,,,,,,
2020-01-30 09:44:18.351000000,Add Order,1580395458351000000,A,5090257,B,8000.0,25.12,251200.0,XIU,2.0,,,,,,,,,,,,,,
2020-01-30 09:44:18.353000000,Add Order,1580395458353000000,A,5090309,B,8000.0,25.14,251400.0,XIU,2.0,,,,,,,,,,,,,,
2020-01-30 09:44:18.510000000,Add Order,1580395458510000000,A,5090705,B,8000.0,25.12,251200.0,XIU,2.0,,,,,,,,,,,,,,
2020-01-30 09:44:19.247000000,Add Order,1580395459247000000,A,5093295,B,8000.0,25.14,251400.0,XIU,2.0,,,,,,,,,,,,,,
2020-01-30 09:44:19.341000000,Add Order,1580395459341000000,A,5093659,B,8000.0,25.12,251200.0,XIU,2.0,,,,,,,,,,,,,,
2020-01-30 09:44:19.919000000,Add Order,1580395459919000000,A,5096053,B,8000.0,25.14,251400.0,XIU,2.0,,,,,,,,,,,,,,
2020-01-30 09:44:20.427000000,Add Order,1580395460427000000,A,5098203,S,8000.0,25.18,251800.0,XIU,2.0,,,,,,,,,,,,,,
2020-01-30 09:44:20.429000000,Add Order,1580395460429000000,A,5098352,S,8000.0,25.16,251600.0,XIU,2.0,,,,,,,,,,,,,,
2020-01-30 09:44:20.433000000,Add Order,1580395460433000000,A,5098400,S,8000.0,25.18,251800.0,XIU,2.0,,,,,,,,,,,,,,
2020-01-30 09:44:20.434000000,Add Order,1580395460434000000,A,5098410,S,8000.0,25.16,251600.0,XIU,2.0,,,,,,,,,,,,,,
2020-01-30 09:44:21.190000000,Add Order,1580395461190000000,A,5101324,S,8000.0,25.18,251800.0,XIU,2.0,,,,,,,,,,,,,,
2020-01-30 09:44:21.191000000,Add Order,1580395461191000000,A,5101399,S,8000.0,25.16,251600.0,XIU,2.0,,,,,,,,,,,,,,
2020-01-30 09:44:21.378000000,Add Order,1580395461378000000,A,5102199,S,8000.0,25.18,251800.0,XIU,2.0,,,,,,,,,,,,,,
2020-01-30 09:44:21.379000000,Add Order,1580395461379000000,A,5102268,S,8000.0,25.16,251600.0,XIU,2.0,,,,,,,,,,,,,,
2020-01-30 09:44:21.382000000,Add Order,1580395461382000000,A,5102347,S,8000.0,25.18,251800.0,XIU,2.0,,,,,,,,,,,,,,
2020-01-30 09:44:23.102000000,Add Order,1580395463102000000,A,5110019,S,8000.0,25.16,251600.0,XIU,2.0,,,,,,,,,,,,,,
2020-01-30 09:44:23.134000000,Add Order,1580395463134000000,A,5110929,S,8000.0,25.18,251800.0,XIU,2.0,,,,,,,,,,,,,,
2020-01-30 09:44:23.135000000,Add Order,1580395463135000000,A,5110971,S,8000.0,25.16,251600.0,XIU,2.0,,,,,,,,,,,,,,
2020-01-30 09:44:23.611000000,Add Order,1580395463611000000,A,5113037,S,8000.0,25.18,251800.0,XIU,2.0,,,,,,,,,,,,,,
2020-01-30 09:44:23.611000000,Add Order,1580395463611000000,A,5113080,S,8000.0,25.16,251600.0,XIU,2.0,,,,,,,,,,,,,,
2020-01-30 09:44:23.728000000,Add Order,1580395463728000000,A,5113553,S,8000.0,25.18,251800.0,XIU,2.0,,,,,,,,,,,,,,
2020-01-30 09:44:23.729000000,Add Order,1580395463729000000,A,5113594,S,8000.0,25.16,251600.0,XIU,2.0,,,,,,,,,,,,,,
2020-01-30 09:44:23.735000000,Add Order,1580395463735000000,A,5113631,S,8000.0,25.18,251800.0,XIU,2.0,,,,,,,,,,,,,,
2020-01-30 09:44:24.238000000,Add Order,1580395464238000000,A,5117725,S,8000.0,25.16,251600.0,XIU,2.0,,,,,,,,,,,,,,
2020-01-30 09:44:24.509000000,Add Order,1580395464509000000,A,5119090,S,8000.0,25.18,251800.0,XIU,2.0,,,,,,,,,,,,,,
2020-01-30 09:44:25.009000000,Add Order,1580395465009000000,A,5120834,S,8000.0,25.16,251600.0,XIU,2.0,,,,,,,,,,,,,,
2020-01-30 09:44:25.247000000,Add Order,1580395465247000000,A,5122629,S,8000.0,25.18,251800.0,XIU,2.0,,,,,,,,,,,,,,
2020-01-30 09:44:25.248000000,Add Order,1580395465248000000,A,5122678,S,8000.0,25.16,251600.0,XIU,2.0,,,,,,,,,,,,,,
2020-01-30 09:44:25.647000000,Add Order,1580395465647000000,A,5124369,S,8000.0,25.18,251800.0,XIU,2.0,,,,,,,,,,,,,,
2020-01-30 09:44:25.648000000,Add Order,1580395465648000000,A,5124413,S,8000.0,25.16,251600.0,XIU,2.0,,,,,,,,,,,,,,
2020-01-30 09:44:28.632000000,Add Order,1580395468632000000,A,5136954,B,8000.0,25.12,251200.0,XIU,2.0,,,,,,,,,,,,,,
2020-01-30 09:44:29.203000000,Add Order,1580395469203000000,A,5139612,B,8000.0,25.14,251400.0,XIU,2.0,,,,,,,,,,,,,,
2020-01-30 09:44:29.856000000,Add Order,1580395469856000000,A,5142120,B,8000.0,25.12,251200.0,XIU,2.0,,,,,,,,,,,,,,
2020-01-30 09:44:29.931000000,Add Order,1580395469931000000,A,5142504,B,8000.0,25.14,251400.0,XIU,2.0,,,,,,,,,,,,,,
2020-01-30 09:44:34.678000000,Add Order,1580395474678000000,A,5167793,B,8000.0,25.12,251200.0,XIU,2.0,,,,,,,,,,,,,,
2020-01-30 09:44:37.616000000,Add Order,1580395477616000000,A,5180510,B,8000.0,25.14,251400.0,XIU,2.0,,,,,,,,,,,,,,
2020-01-30 09:44:37.743000000,Add Order,1580395477743000000,A,5182720,B,8000.0,25.12,251200.0,XIU,2.0,,,,,,,,,,,,,,
2020-01-30 09:44:37.910000000,Add Order,1580395477910000000,A,5184670,B,8000.0,25.14,251400.0,XIU,2.0,,,,,,,,,,,,,,
2020-01-30 09:44:38.860000000,Add Order,1580395478860000000,A,5191579,B,8000.0,25.12,251200.0,XIU,2.0,,,,,,,,,,,,,,
2020-01-30 09:44:38.903000000,Add Order,1580395478903000000,A,5191942,B,8000.0,25.14,251400.0,XIU,2.0,,,,,,,,,,,,,,
2020-01-30 09:44:38.904000000,Add Order,1580395478904000000,A,5191981,B,8000.0,25.12,251200.0,XIU,2.0,,,,,,,,,,,,,,
2020-01-30 09:44:38.921000000,Add Order,1580395478921000000,A,5192168,B,8000.0,25.14,251400.0,XIU,2.0,,,,,,,,,,,,,,
2020-01-30 09:44:38.925000000,Add Order,1580395478925000000,A,5192259,B,8000.0,25.12,251200.0,XIU,2.0,,,,,,,,,,,,,,
2020-01-30 09:44:41.936000000,Add Order,1580395481936000000,A,5205599,B,8000.0,25.14,251400.0,XIU,2.0,,,,,,,,,,,,,,
2020-01-30 09:44:41.938000000,Add Order,1580395481938000000,A,5205637,B,8000.0,25.12,251200.0,XIU,2.0,,,,,,,,,,,,,,
2020-01-30 09:44:42.158000000,Add Order,1580395482158000000,A,5207004,B,8000.0,25.14,251400.0,XIU,2.0,,,,,,,,,,,,,,
2020-01-30 09:44:42.345000000,Add Order,1580395482345000000,A,5208718,S,8000.0,25.18,251800.0,XIU,2.0,,,,,,,,,,,,,,
2020-01-30 09:44:42.346000000,Add Order,1580395482346000000,A,5208748,S,8000.0,25.16,251600.0,XIU,2.0,,,,,,,,,,,,,,
2020-01-30 09:44:42.347000000,Add Order,1580395482347000000,A,5208818,B,8000.0,25.12,251200.0,XIU,2.0,,,,,,,,,,,,,,
2020-01-30 09:44:42.347000000,Add Order,1580395482347000000,A,5208857,B,8000.0,25.14,251400.0,XIU,2.0,,,,,,,,,,,,,,
2020-01-30 09:44:42.348000000,Add Order,1580395482348000000,A,5208895,B,8000.0,25.12,251200.0,XIU,2.0,,,,,,,,,,,,,,
2020-01-30 09:44:42.353000000,Add Order,1580395482353000000,A,5208999,S,8000.0,25.18,251800.0,XIU,2.0,,,,,,,,,,,,,,
2020-01-30 09:44:42.354000000,Add Order,1580395482354000000,A,5209014,S,8000.0,25.16,251600.0,XIU,2.0,,,,,,,,,,,,,,
2020-01-30 09:44:42.980000000,Add Order,1580395482980000000,A,5211908,S,8000.0,25.16,251600.0,XIU,2.0,,,,,,,,,,,,,,
2020-01-30 09:44:42.980000000,Add Order,1580395482980000000,A,5211909,B,8000.0,25.14,251400.0,XIU,2.0,,,,,,,,,,,,,,
2020-01-30 09:44:43.186000000,Add Order,1580395483186000000,A,5212492,S,8000.0,25.18,251800.0,XIU,2.0,,,,,,,,,,,,,,
2020-01-30 09:44:43.186000000,Add Order,1580395483186000000,A,5212548,S,8000.0,25.16,251600.0,XIU,2.0,,,,,,,,,,,,,,
2020-01-30 09:44:43.366000000,Add Order,1580395483366000000,A,5213571,S,8000.0,25.18,251800.0,XIU,2.0,,,,,,,,,,,,,,
2020-01-30 09:44:44.580000000,Add Order,1580395484580000000,A,5219424,S,8000.0,25.16,251600.0,XIU,2.0,,,,,,,,,,,,,,
2020-01-30 09:44:44.864000000,Add Order,1580395484864000000,A,5220566,S,8000.0,25.18,251800.0,XIU,2.0,,,,,,,,,,,,,,
2020-01-30 09:44:44.865000000,Add Order,1580395484865000000,A,5220594,S,8000.0,25.16,251600.0,XIU,2.0,,,,,,,,,,,,,,
2020-01-30 09:44:44.870000000,Add Order,1580395484870000000,A,5220692,S,8000.0,25.18,251800.0,XIU,2.0,,,,,,,,,,,,,,
2020-01-30 09:44:45.843000000,Add Order,1580395485843000000,A,5225337,S,8000.0,25.16,251600.0,XIU,2.0,,,,,,,,,,,,,,
2020-01-30 09:44:46.445000000,Add Order,1580395486445000000,A,5227692,S,8000.0,25.18,251800.0,XIU,2.0,,,,,,,,,,,,,,
2020-01-30 09:44:46.446000000,Add Order,1580395486446000000,A,5227744,S,8000.0,25.16,251600.0,XIU,2.0,,,,,,,,,,,,,,
2020-01-30 09:44:46.473000000,Add Order,1580395486473000000,A,5227914,S,8000.0,25.18,251800.0,XIU,2.0,,,,,,,,,,,,,,
2020-01-30 09:44:46.474000000,Add Order,1580395486474000000,A,5227931,S,8000.0,25.16,251600.0,XIU,2.0,,,,,,,,,,,,,,
2020-01-30 09:44:47.230000000,Add Order,1580395487230000000,A,5230428,S,8000.0,25.18,251800.0,XIU,2.0,,,,,,,,,,,,,,
2020-01-30 09:44:47.230000000,Add Order,1580395487230000000,A,5230497,S,8000.0,25.16,251600.0,XIU,2.0,,,,,,,,,,,,,,
2020-01-30 09:44:47.236000000,Add Order,1580395487236000000,A,5230637,S,8000.0,25.18,251800.0,XIU,2.0,,,,,,,,,,,,,,
2020-01-30 09:44:47.238000000,Add Order,1580395487238000000,A,5230681,S,8000.0,25.16,251600.0,XIU,2.0,,,,,,,,,,,,,,
2020-01-30 09:44:47.240000000,Add Order,1580395487240000000,A,5230693,S,8000.0,25.18,251800.0,XIU,2.0,,,,,,,,,,,,,,
2020-01-30 09:44:47.824000000,Add Order,1580395487824000000,A,5232607,S,8000.0,25.16,251600.0,XIU,2.0,,,,,,,,,,,,,,
2020-01-30 09:44:47.844000000,Add Order,1580395487844000000,A,5232776,S,8000.0,25.18,251800.0,XIU,2.0,,,,,,,,,,,,,,
2020-01-30 09:44:47.847000000,Add Order,1580395487847000000,A,5232810,S,8000.0,25.16,251600.0,XIU,2.0,,,,,,,,,,,,,,
2020-01-30 09:44:47.859000000,Add Order,1580395487859000000,A,5232847,S,8000.0,25.18,251800.0,XIU,2.0,,,,,,,,,,,,,,
2020-01-30 09:44:48.330000000,Add Order,1580395488330000000,A,5236308,S,8000.0,25.16,251600.0,XIU,2.0,,,,,,,,,,,,,,
2020-01-30 09:44:50.072000000,Add Order,1580395490072000000,A,5246142,S,8000.0,25.18,251800.0,XIU,2.0,,,,,,,,,,,,,,
2020-01-30 09:44:50.073000000,Add Order,1580395490073000000,A,5246158,S,8000.0,25.16,251600.0,XIU,2.0,,,,,,,,,,,,,,
2020-01-30 09:44:50.902000000,Add Order,1580395490902000000,A,5249438,S,8000.0,25.18,251800.0,XIU,2.0,,,,,,,,,,,,,,
2020-01-30 09:44:50.902000000,Add Order,1580395490902000000,A,5249459,S,8000.0,25.16,251600.0,XIU,2.0,,,,,,,,,,,,,,
2020-01-30 09:44:51.576000000,Add Order,1580395491576000000,A,5253583,S,8000.0,25.18,251800.0,XIU,2.0,,,,,,,,,,,,,,
2020-01-30 09:44:55.179000000,Add Order,1580395495179000000,A,5270030,S,8000.0,25.16,251600.0,XIU,2.0,,,,,,,,,,,,,,
2020-01-30 09:44:55.460000000,Add Order,1580395495460000000,A,5271268,B,8000.0,25.12,251200.0,XIU,2.0,,,,,,,,,,,,,,
2020-01-30 09:44:55.461000000,Add Order,1580395495461000000,A,5271356,B,8000.0,25.14,251400.0,XIU,2.0,,,,,,,,,,,,,,
2020-01-30 09:44:56.545000000,Add Order,1580395496545000000,A,5274593,B,8000.0,25.12,251200.0,XIU,2.0,,,,,,,,,,,,,,
2020-01-30 09:44:56.546000000,Add Order,1580395496546000000,A,5274597,B,8000.0,25.14,251400.0,XIU,2.0,,,,,,,,,,,,,,
2020-01-30 09:44:56.547000000,Add Order,1580395496547000000,A,5274604,B,8000.0,25.12,251200.0,XIU,2.0,,,,,,,,,,,,,,
2020-01-30 09:44:56.548000000,Add Order,1580395496548000000,A,5274606,B,8000.0,25.14,251400.0,XIU,2.0,,,,,,,,,,,,,,
2020-01-30 09:44:56.548000000,Add Order,1580395496548000000,A,5274615,B,8000.0,25.12,251200.0,XIU,2.0,,,,,,,,,,,,,,
2020-01-30 09:44:57.622000000,Add Order,1580395497622000000,A,5278332,B,8000.0,25.14,251400.0,XIU,2.0,,,,,,,,,,,,,,
2020-01-30 09:44:58.567000000,Add Order,1580395498567000000,A,5281730,B,8000.0,25.12,251200.0,XIU,2.0,,,,,,,,,,,,,,
2020-01-30 09:44:58.568000000,Add Order,1580395498568000000,A,5281800,B,8000.0,25.14,251400.0,XIU,2.0,,,,,,,,,,,,,,
2020-01-30 09:44:58.569000000,Add Order,1580395498569000000,A,5281842,B,8000.0,25.12,251200.0,XIU,2.0,,,,,,,,,,,,,,
2020-01-30 09:44:58.570000000,Add Order,1580395498570000000,A,5281868,B,8000.0,25.14,251400.0,XIU,2.0,,,,,,,,,,,,,,
2020-01-30 09:44:58.570000000,Add Order,1580395498570000000,A,5281886,B,8000.0,25.12,251200.0,XIU,2.0,,,,,,,,,,,,,,
2020-01-30 09:44:59.219000000,Add Order,1580395499219000000,A,5285160,B,8000.0,25.14,251400.0,XIU,2.0,,,,,,,,,,,,,,
2020-01-30 09:44:59.898000000,Add Order,1580395499898000000,A,5287085,B,8000.0,25.12,251200.0,XIU,2.0,,,,,,,,,,,,,,
2020-01-30 09:44:59.899000000,Add Order,1580395499899000000,A,5287158,B,8000.0,25.14,251400.0,XIU,2.0,,,,,,,,,,,,,,
2020-01-30 09:45:00.322000000,Add Order,1580395500322000000,A,5290817,B,8000.0,25.12,251200.0,XIU,2.0,,,,,,,,,,,,,,
2020-01-30 09:45:00.323000000,Add Order,1580395500323000000,A,5290895,B,8000.0,25.14,251400.0,XIU,2.0,,,,,,,,,,,,,,
2020-01-30 09:45:00.621000000,Add Order,1580395500621000000,A,5294693,B,8000.0,25.12,251200.0,XIU,2.0,,,,,,,,,,,,,,
2020-01-30 09:45:00.622000000,Add Order,1580395500622000000,A,5294760,B,8000.0,25.14,251400.0,XIU,2.0,,,,,,,,,,,,,,
2020-01-30 09:45:00.623000000,Add Order,1580395500623000000,A,5294809,B,8000.0,25.12,251200.0,XIU,2.0,,,,,,,,,,,,,,
2020-01-30 09:45:01.237000000,Add Order,1580395501237000000,A,5299475,B,8000.0,25.14,251400.0,XIU,2.0,,,,,,,,,,,,,,
2020-01-30 09:45:01.755000000,Add Order,1580395501755000000,A,5304538,B,8000.0,25.12,251200.0,XIU,2.0,,,,,,,,,,,,,,
2020-01-30 09:45:05.056000000,Add Order,1580395505056000000,A,5330405,B,8000.0,25.14,251400.0,XIU,2.0,,,,,,,,,,,,,,
2020-01-30 09:45:10.075000000,Add Order,1580395510075000000,A,5355939,B,8000.0,25.12,251200.0,XIU,2.0,,,,,,,,,,,,,,
2020-01-30 09:45:10.077000000,Add Order,1580395510077000000,A,5356065,B,8000.0,25.14,251400.0,XIU,2.0,,,,,,,,,,,,,,
2020-01-30 09:45:10.751000000,Add Order,1580395510751000000,A,5360964,B,8000.0,25.12,251200.0,XIU,2.0,,,,,,,,,,,,,,
2020-01-30 09:45:11.013000000,Add Order,1580395511013000000,A,5362118,B,8000.0,25.14,251400.0,XIU,2.0,,,,,,,,,,,,,,
2020-01-30 09:45:21.669000000,Add Order,1580395521669000000,A,5419482,B,8000.0,25.12,251200.0,XIU,2.0,,,,,,,,,,,,,,
2020-01-30 09:45:21.669000000,Add Order,1580395521669000000,A,5419499,B,8000.0,25.14,251400.0,XIU,2.0,,,,,,,,,,,,,,
2020-01-30 09:45:24.176000000,Add Order,1580395524176000000,A,5433540,B,8000.0,25.12,251200.0,XIU,2.0,,,,,,,,,,,,,,
2020-01-30 09:45:24.176000000,Add Order,1580395524176000000,A,5433563,B,8000.0,25.14,251400.0,XIU,2.0,,,,,,,,,,,,,,
2020-01-30 09:45:24.177000000,Add Order,1580395524177000000,A,5433618,B,8000.0,25.12,251200.0,XIU,2.0,,,,,,,,,,,,,,
2020-01-30 09:45:26.720000000,Add Order,1580395526720000000,A,5443129,S,8000.0,25.15,251500.0,XIU,2.0,,,,,,,,,,,,,,
2020-01-30 09:45:26.721000000,Add Order,1580395526721000000,A,5443162,S,8000.0,25.17,251700.0,XIU,2.0,,,,,,,,,,,,,,
2020-01-30 09:45:26.721000000,Add Order,1580395526721000000,A,5443181,S,8000.0,25.15,251500.0,XIU,2.0,,,,,,,,,,,,,,
2020-01-30 09:45:27.316000000,Add Order,1580395527316000000,A,5447893,S,8000.0,25.17,251700.0,XIU,2.0,,,,,,,,,,,,,,
2020-01-30 09:45:27.316000000,Add Order,1580395527316000000,A,5447894,B,8000.0,25.14,251400.0,XIU,2.0,,,,,,,,,,,,,,
2020-01-30 09:45:30.096000000,Add Order,1580395530096000000,A,5462870,B,8000.0,25.12,251200.0,XIU,2.0,,,,,,,,,,,,,,
2020-01-30 09:45:30.096000000,Add Order,1580395530096000000,A,5462872,S,8000.0,25.15,251500.0,XIU,2.0,,,,,,,,,,,,,,
2020-01-30 09:45:30.106000000,Add Order,1580395530106000000,A,5463104,S,8000.0,25.17,251700.0,XIU,2.0,,,,,,,,,,,,,,
2020-01-30 09:45:30.108000000,Add Order,1580395530108000000,A,5463133,S,8000.0,25.15,251500.0,XIU,2.0,,,,,,,,,,,,,,
2020-01-30 09:45:30.111000000,Add Order,1580395530111000000,A,5463173,S,8000.0,25.17,251700.0,XIU,2.0,,,,,,,,,,,,,,
2020-01-30 09:45:30.604000000,Add Order,1580395530604000000,A,5466464,S,8000.0,25.15,251500.0,XIU,2.0,,,,,,,,,,,,,,
2020-01-30 09:45:31.752000000,Add Order,1580395531752000000,A,5470581,S,8000.0,25.17,251700.0,XIU,2.0,,,,,,,,,,,,,,
2020-01-30 09:45:32.128000000,Add Order,1580395532128000000,A,5472197,S,8000.0,25.15,251500.0,XIU,2.0,,,,,,,,,,,,,,
2020-01-30 09:45:33.202000000,Add Order,1580395533202000000,A,5479652,S,8000.0,25.17,251700.0,XIU,2.0,,,,,,,,,,,,,,
2020-01-30 09:45:33.272000000,Add Order,1580395533272000000,A,5481610,S,8000.0,25.15,251500.0,XIU,2.0,,,,,,,,,,,,,,
2020-01-30 09:45:33.279000000,Add Order,1580395533279000000,A,5481722,S,8000.0,25.17,251700.0,XIU,2.0,,,,,,,,,,,,,,
2020-01-30 09:45:33.405000000,Add Order,1580395533405000000,A,5482722,S,8000.0,25.15,251500.0,XIU,2.0,,,,,,,,,,,,,,
2020-01-30 09:45:33.797000000,Add Order,1580395533797000000,A,5485093,S,8000.0,25.17,251700.0,XIU,2.0,,,,,,,,,,,,,,
2020-01-30 09:45:34.139000000,Add Order,1580395534139000000,A,5486771,S,8000.0,25.15,251500.0,XIU,2.0,,,,,,,,,,,,,,
2020-01-30 09:45:35.060000000,Add Order,1580395535060000000,A,5491821,S,8000.0,25.17,251700.0,XIU,2.0,,,,,,,,,,,,,,
2020-01-30 09:45:37.465000000,Add Order,1580395537465000000,A,5507922,B,8000.0,25.14,251400.0,XIU,2.0,,,,,,,,,,,,,,
2020-01-30 09:45:43.009000000,Add Order,1580395543009000000,A,5543913,S,8000.0,25.18,251800.0,XIU,2.0,,,,,,,,,,,,,,
2020-01-30 09:45:43.223000000,Add Order,1580395543223000000,A,5545151,S,8000.0,25.16,251600.0,XIU,2.0,,,,,,,,,,,,,,
2020-01-30 09:45:43.341000000,Add Order,1580395543341000000,A,5546508,S,8000.0,25.18,251800.0,XIU,2.0,,,,,,,,,,,,,,
2020-01-30 09:45:44.611000000,Add Order,1580395544611000000,A,5553526,S,8000.0,25.16,251600.0,XIU,2.0,,,,,,,,,,,,,,
2020-01-30 09:45:45.195000000,Add Order,1580395545195000000,A,5558565,S,8000.0,25.18,251800.0,XIU,2.0,,,,,,,,,,,,,,
2020-01-30 09:45:45.205000000,Add Order,1580395545205000000,A,5558849,B,8000.0,25.15,251500.0,XIU,2.0,,,,,,,,,,,,,,
2020-01-30 09:45:45.207000000,Add Order,1580395545207000000,A,5559012,B,8000.0,25.13,251300.0,XIU,2.0,,,,,,,,,,,,,,
2020-01-30 09:45:46.214000000,Add Order,1580395546214000000,A,5564702,B,8000.0,25.15,251500.0,XIU,2.0,,,,,,,,,,,,,,
2020-01-30 09:45:46.639000000,Add Order,1580395546639000000,A,5567028,B,8000.0,25.13,251300.0,XIU,2.0,,,,,,,,,,,,,,
2020-01-30 09:45:46.799000000,Add Order,1580395546799000000,A,5569195,S,8000.0,25.16,251600.0,XIU,2.0,,,,,,,,,,,,,,
2020-01-30 09:45:47.553000000,Add Order,1580395547553000000,A,5572825,S,8000.0,25.18,251800.0,XIU,2.0,,,,,,,,,,,,,,
2020-01-30 09:45:47.554000000,Add Order,1580395547554000000,A,5572836,S,8000.0,25.16,251600.0,XIU,2.0,,,,,,,,,,,,,,
2020-01-30 09:45:47.576000000,Add Order,1580395547576000000,A,5572991,S,8000.0,25.18,251800.0,XIU,2.0,,,,,,,,,,,,,,
2020-01-30 09:45:47.576000000,Add Order,1580395547576000000,A,5572998,S,8000.0,25.16,251600.0,XIU,2.0,,,,,,,,,,,,,,
2020-01-30 09:45:47.597000000,Add Order,1580395547597000000,A,5573102,S,8000.0,25.18,251800.0,XIU,2.0,,,,,,,,,,,,,,
2020-01-30 09:45:48.061000000,Add Order,1580395548061000000,A,5577156,S,8000.0,25.16,251600.0,XIU,2.0,,,,,,,,,,,,,,
2020-01-30 09:45:51.551000000,Add Order,1580395551551000000,A,5599597,S,8000.0,25.18,251800.0,XIU,2.0,,,,,,,,,,,,,,
2020-01-30 09:45:52.793000000,Add Order,1580395552793000000,A,5604409,S,8000.0,25.16,251600.0,XIU,2.0,,,,,,,,,,,,,,
2020-01-30 09:45:53.662000000,Add Order,1580395553662000000,A,5609323,S,8000.0,25.18,251800.0,XIU,2.0,,,,,,,,,,,,,,
