time,Msg Type,Time Stamp,Message Type,Order Reference,Buy/Sell Indicator,Shares,Price Decimal,Price,Stock,Broker,Executed Shares,Trade Reference,Contra Order Reference,Trade Attribute,Contra Broker,Cancelled Shares,Cross Type,Settlement Terms,Event Code,Trading State,Listing Market,Board Lot Size,Currency,GEF Eligible
2020-01-30 11:04:43.418000000,Add Order,1580400283418000000,A,29327156,B,2600.0,24.96,249600.0,XIU,85.0,,,,,,,,,,,,,,
2020-01-30 11:08:09.054000000,Order Execution,1580400489054000000,E,29327156,,,,,,85.0,2600.0,3208139.0,30550584.0,,80.0,,,,,,,,,
2020-01-30 11:08:11.113000000,Add Order,1580400491113000000,A,30573763,B,2400.0,24.95,249500.0,XIU,85.0,,,,,,,,,,,,,,
2020-01-30 11:08:19.139000000,Order Execution,1580400499139000000,E,30573763,,,,,,85.0,2400.0,3208667.0,30620704.0,,80.0,,,,,,,,,
2020-01-30 11:08:57.178000000,Add Order,1580400537178000000,A,30849984,B,600.0,24.92,249200.0,XIU,85.0,,,,,,,,,,,,,,
2020-01-30 11:09:04.715000000,Add Order,1580400544715000000,A,30897814,B,600.0,24.93,249300.0,XIU,85.0,,,,,,,,,,,,,,
2020-01-30 11:09:04.734000000,Add Order,1580400544734000000,A,30897939,B,700.0,24.93,249300.0,XIU,85.0,,,,,,,,,,,,,,
2020-01-30 11:09:17.058000000,Add Order,1580400557058000000,A,30977568,B,700.0,24.94,249400.0,XIU,85.0,,,,,,,,,,,,,,
2020-01-30 11:09:25.257000000,Order Execution,1580400565257000000,E,30977568,,,,,,85.0,700.0,3211479.0,31025772.0,,80.0,,,,,,,,,
2020-01-30 11:23:32.819000000,Add Order,1580401412819000000,A,37259556,B,100.0,24.8,248000.0,XIU,85.0,,,,,,,,,,,,,,
2020-01-30 11:23:33.951000000,Order Execution,1580401413951000000,E,37259556,,,,,,85.0,100.0,3253033.0,37264577.0,,1.0,,,,,,,,,
2020-01-30 13:05:41.264000000,Add Order,1580407541264000000,A,65915147,S,200.0,24.82,248200.0,XIU,85.0,,,,,,,,,,,,,,
2020-01-30 13:05:42.927000000,Add Order,1580407542927000000,A,65922903,S,200.0,24.81,248100.0,XIU,85.0,,,,,,,,,,,,,,
2020-01-30 13:06:05.486000000,Order Execution,1580407565486000000,E,65922903,,,,,,85.0,200.0,3406177.0,66028096.0,,1.0,,,,,,,,,
2020-01-30 13:08:10.197000000,Add Order,1580407690197000000,A,66534993,S,100.0,24.83,248300.0,XIU,85.0,,,,,,,,,,,,,,
2020-01-30 13:08:29.056000000,Order Execution,1580407709056000000,E,66534993,,,,,,85.0,100.0,3409070.0,66603544.0,,1.0,,,,,,,,,
2020-01-30 13:16:41.073000000,Add Order,1580408201073000000,A,68590224,S,300.0,24.86,248600.0,XIU,85.0,,,,,,,,,,,,,,
2020-01-30 13:19:17.267000000,Add Order,1580408357267000000,A,69170902,S,200.0,24.83,248300.0,XIU,85.0,,,,,,,,,,,,,,
2020-01-30 13:20:00.654000000,Order Execution,1580408400654000000,E,69170902,,,,,,85.0,200.0,3422107.0,69316904.0,,79.0,,,,,,,,,
2020-01-30 13:27:57.316000000,Add Order,1580408877316000000,A,71317163,S,300.0,24.86,248600.0,XIU,85.0,,,,,,,,,,,,,,
2020-01-30 13:28:10.254000000,Add Order,1580408890254000000,A,71380220,S,300.0,24.86,248600.0,XIU,85.0,,,,,,,,,,,,,,
2020-01-30 13:36:01.686000000,Add Order,1580409361686000000,A,73613052,S,100.0,24.82,248200.0,XIU,85.0,,,,,,,,,,,,,,
2020-01-30 13:36:01.977000000,Order Execution,1580409361977000000,E,73613052,,,,,,85.0,100.0,3442500.0,73614880.0,,79.0,,,,,,,,,
2020-01-30 13:47:17.341000000,Add Order,1580410037341000000,A,76159017,S,100.0,24.8,248000.0,XIU,85.0,,,,,,,,,,,,,,
2020-01-30 13:47:20.149000000,Add Order,1580410040149000000,A,76169597,S,100.0,24.79,247900.0,XIU,85.0,,,,,,,,,,,,,,
2020-01-30 13:47:20.168000000,Add Order,1580410040168000000,A,76169638,S,200.0,24.79,247900.0,XIU,85.0,,,,,,,,,,,,,,
2020-01-30 13:54:21.393000000,Add Order,1580410461393000000,A,77731589,B,100.0,24.8,248000.0,XIU,85.0,,,,,,,,,,,,,,
2020-01-30 13:55:52.682000000,Add Order,1580410552682000000,A,78060479,S,300.0,24.82,248200.0,XIU,85.0,,,,,,,,,,,,,,
2020-01-30 13:57:15.151000000,Add Order,1580410635151000000,A,78329061,B,200.0,24.8,248000.0,XIU,85.0,,,,,,,,,,,,,,
2020-01-30 13:57:16.408000000,Add Order,1580410636408000000,A,78332581,S,200.0,24.81,248100.0,XIU,85.0,,,,,,,,,,,,,,
2020-01-30 13:57:28.451000000,Order Execution,1580410648451000000,E,78332581,,,,,,85.0,200.0,3470963.0,78366776.0,,1.0,,,,,,,,,
2020-01-30 13:58:33.334000000,Order Execution,1580410713334000000,E,78329061,,,,,,85.0,200.0,3472335.0,78578291.0,,80.0,,,,,,,,,
2020-01-30 14:02:17.272000000,Add Order,1580410937272000000,A,79418317,S,100.0,24.82,248200.0,XIU,85.0,,,,,,,,,,,,,,
2020-01-30 14:02:31.019000000,Add Order,1580410951019000000,A,79464541,S,100.0,24.81,248100.0,XIU,85.0,,,,,,,,,,,,,,
2020-01-30 14:02:31.059000000,Add Order,1580410951059000000,A,79464674,S,200.0,24.81,248100.0,XIU,85.0,,,,,,,,,,,,,,
2020-01-30 14:02:32.392000000,Order Execution,1580410952392000000,E,79464674,,,,,,85.0,200.0,3478334.0,79470644.0,,1.0,,,,,,,,,
2020-01-30 14:03:29.811000000,Add Order,1580411009811000000,A,79675509,S,100.0,24.82,248200.0,XIU,85.0,,,,,,,,,,,,,,
2020-01-30 14:03:30.867000000,Add Order,1580411010867000000,A,79678482,S,100.0,24.81,248100.0,XIU,85.0,,,,,,,,,,,,,,
2020-01-30 14:03:30.889000000,Add Order,1580411010889000000,A,79678566,S,200.0,24.81,248100.0,XIU,85.0,,,,,,,,,,,,,,
2020-01-30 14:03:47.739000000,Order Execution,1580411027739000000,E,79678566,,,,,,85.0,200.0,3479973.0,79722658.0,,9.0,,,,,,,,,
2020-01-30 14:05:05.252000000,Add Order,1580411105252000000,A,79991356,S,200.0,24.82,248200.0,XIU,85.0,,,,,,,,,,,,,,
2020-01-30 14:05:05.730000000,Order Execution,1580411105730000000,E,79991356,,,,,,85.0,200.0,3481738.0,79994482.0,,79.0,,,,,,,,,
2020-01-30 14:06:12.503000000,Add Order,1580411172503000000,A,80251680,S,200.0,24.82,248200.0,XIU,85.0,,,,,,,,,,,,,,
2020-01-30 14:06:21.677000000,Order Execution,1580411181677000000,E,80251680,,,,,,85.0,200.0,3483615.0,80282943.0,,79.0,,,,,,,,,
2020-01-30 14:06:41.173000000,Add Order,1580411201173000000,A,80338584,S,200.0,24.82,248200.0,XIU,85.0,,,,,,,,,,,,,,
2020-01-30 14:06:45.207000000,Order Execution,1580411205207000000,E,80338584,,,,,,85.0,200.0,3483906.0,80348396.0,,1.0,,,,,,,,,
2020-01-30 14:08:16.827000000,Add Order,1580411296827000000,A,80647726,S,200.0,24.83,248300.0,XIU,85.0,,,,,,,,,,,,,,
2020-01-30 14:08:25.281000000,Add Order,1580411305281000000,A,80682019,S,200.0,24.82,248200.0,XIU,85.0,,,,,,,,,,,,,,
2020-01-30 14:15:28.139000000,Add Order,1580411728139000000,A,82169857,S,100.0,24.83,248300.0,XIU,85.0,,,,,,,,,,,,,,
2020-01-30 14:15:32.983000000,Add Order,1580411732983000000,A,82187542,S,100.0,24.82,248200.0,XIU,85.0,,,,,,,,,,,,,,
2020-01-30 14:15:33.013000000,Add Order,1580411733013000000,A,82187599,S,200.0,24.82,248200.0,XIU,85.0,,,,,,,,,,,,,,
2020-01-30 14:15:37.550000000,Order Execution,1580411737550000000,E,82187599,,,,,,85.0,200.0,3497762.0,82206885.0,,1.0,,,,,,,,,
2020-01-30 14:21:53.376000000,Add Order,1580412113376000000,A,83424994,S,200.0,24.81,248100.0,XIU,85.0,,,,,,,,,,,,,,
2020-01-30 14:21:58.924000000,Order Execution,1580412118924000000,E,83424994,,,,,,85.0,200.0,3507115.0,83441006.0,,1.0,,,,,,,,,
2020-01-30 14:22:06.548000000,Add Order,1580412126548000000,A,83460884,S,200.0,24.82,248200.0,XIU,85.0,,,,,,,,,,,,,,
2020-01-30 14:22:10.197000000,Add Order,1580412130197000000,A,83474138,S,200.0,24.81,248100.0,XIU,85.0,,,,,,,,,,,,,,
2020-01-30 14:22:45.685000000,Order Execution,1580412165685000000,E,83474138,,,,,,85.0,200.0,3508601.0,83581827.0,,79.0,,,,,,,,,
2020-01-30 14:26:39.594000000,Add Order,1580412399594000000,A,84371506,S,200.0,24.8,248000.0,XIU,85.0,,,,,,,,,,,,,,
2020-01-30 14:26:42.508000000,Order Execution,1580412402508000000,E,84371506,,,,,,85.0,200.0,3513883.0,84384282.0,,1.0,,,,,,,,,
2020-01-30 14:29:02.799000000,Add Order,1580412542799000000,A,84967886,S,200.0,24.83,248300.0,XIU,85.0,,,,,,,,,,,,,,
2020-01-30 14:29:04.792000000,Order Execution,1580412544792000000,E,84967886,,,,,,85.0,200.0,3517145.0,84975265.0,,1.0,,,,,,,,,
2020-01-30 14:34:14.306000000,Add Order,1580412854306000000,A,86096557,S,200.0,24.86,248600.0,XIU,85.0,,,,,,,,,,,,,,
2020-01-30 14:41:50.725000000,Add Order,1580413310725000000,A,87744485,S,300.0,24.85,248500.0,XIU,85.0,,,,,,,,,,,,,,
2020-01-30 14:41:51.815000000,Order Execution,1580413311815000000,E,87744485,,,,,,85.0,300.0,3534316.0,87748842.0,,79.0,,,,,,,,,
2020-01-30 14:49:00.845000000,Add Order,1580413740845000000,A,89153398,S,200.0,24.83,248300.0,XIU,85.0,,,,,,,,,,,,,,
2020-01-30 14:50:32.523000000,Add Order,1580413832523000000,A,89430132,S,100.0,24.82,248200.0,XIU,85.0,,,,,,,,,,,,,,
2020-01-30 14:50:38.729000000,Order Execution,1580413838729000000,E,89430132,,,,,,85.0,100.0,3544268.0,89446852.0,,79.0,,,,,,,,,
2020-01-30 14:51:18.298000000,Add Order,1580413878298000000,A,89552133,S,200.0,24.83,248300.0,XIU,85.0,,,,,,,,,,,,,,
2020-01-30 14:51:34.513000000,Order Execution,1580413894513000000,E,89552133,,,,,,85.0,200.0,3545646.0,89601926.0,,1.0,,,,,,,,,
2020-01-30 14:53:01.096000000,Add Order,1580413981096000000,A,89855796,S,200.0,24.82,248200.0,XIU,85.0,,,,,,,,,,,,,,
2020-01-30 14:53:38.692000000,Add Order,1580414018692000000,A,89942415,S,200.0,24.81,248100.0,XIU,85.0,,,,,,,,,,,,,,
2020-01-30 14:53:56.422000000,Add Order,1580414036422000000,A,90006430,S,100.0,24.81,248100.0,XIU,85.0,,,,,,,,,,,,,,
2020-01-30 14:53:57.302000000,Add Order,1580414037302000000,A,90010007,S,100.0,24.8,248000.0,XIU,85.0,,,,,,,,,,,,,,
2020-01-30 14:59:34.219000000,Add Order,1580414374219000000,A,91142476,S,200.0,24.79,247900.0,XIU,85.0,,,,,,,,,,,,,,
2020-01-30 14:59:57.538000000,Add Order,1580414397538000000,A,91226065,S,200.0,24.78,247800.0,XIU,85.0,,,,,,,,,,,,,,
2020-01-30 15:00:03.601000000,Order Execution,1580414403601000000,E,91226065,,,,,,85.0,200.0,3558070.0,91277686.0,,1.0,,,,,,,,,
2020-01-30 15:00:12.929000000,Add Order,1580414412929000000,A,91335334,S,200.0,24.79,247900.0,XIU,85.0,,,,,,,,,,,,,,
2020-01-30 15:00:15.470000000,Order Execution,1580414415470000000,E,91335334,,,,,,85.0,200.0,3558382.0,91349070.0,,1.0,,,,,,,,,
2020-01-30 15:04:26.124000000,Add Order,1580414666124000000,A,92411261,B,100.0,24.76,247600.0,XIU,85.0,,,,,,,,,,,,,,
2020-01-30 15:04:28.138000000,Order Execution,1580414668138000000,E,92411261,,,,,,85.0,100.0,3564886.0,92418148.0,,80.0,,,,,,,,,
2020-01-30 15:09:19.183000000,Add Order,1580414959183000000,A,93671979,B,100.0,24.76,247600.0,XIU,85.0,,,,,,,,,,,,,,
2020-01-30 15:12:56.568000000,Add Order,1580415176568000000,A,94422751,S,200.0,24.76,247600.0,XIU,85.0,,,,,,,,,,,,,,
2020-01-30 15:13:22.697000000,Order Execution,1580415202697000000,E,94422751,,,,,,85.0,200.0,3578814.0,94520657.0,,9.0,,,,,,,,,
2020-01-30 15:14:09.635000000,Add Order,1580415249635000000,A,94716476,S,200.0,24.78,247800.0,XIU,85.0,,,,,,,,,,,,,,
2020-01-30 15:14:14.502000000,Add Order,1580415254502000000,A,94734247,S,200.0,24.77,247700.0,XIU,85.0,,,,,,,,,,,,,,
2020-01-30 15:14:26.029000000,Order Execution,1580415266029000000,E,94734247,,,,,,85.0,200.0,3580895.0,94780523.0,,79.0,,,,,,,,,
2020-01-30 15:15:25.108000000,Add Order,1580415325108000000,A,95036205,S,200.0,24.8,248000.0,XIU,85.0,,,,,,,,,,,,,,
2020-01-30 15:15:30.367000000,Add Order,1580415330367000000,A,95062947,S,200.0,24.8,248000.0,XIU,85.0,,,,,,,,,,,,,,
2020-01-30 15:16:40.486000000,Add Order,1580415400486000000,A,95341538,S,100.0,24.8,248000.0,XIU,85.0,,,,,,,,,,,,,,
2020-01-30 15:16:59.042000000,Add Order,1580415419042000000,A,95399988,S,100.0,24.8,248000.0,XIU,85.0,,,,,,,,,,,,,,
2020-01-30 15:17:04.217000000,Add Order,1580415424217000000,A,95423772,S,100.0,24.79,247900.0,XIU,85.0,,,,,,,,,,,,,,
2020-01-30 15:17:04.225000000,Add Order,1580415424225000000,A,95423786,S,100.0,24.79,247900.0,XIU,85.0,,,,,,,,,,,,,,
2020-01-30 15:17:04.248000000,Add Order,1580415424248000000,A,95423831,S,200.0,24.79,247900.0,XIU,85.0,,,,,,,,,,,,,,
2020-01-30 15:17:04.256000000,Add Order,1580415424256000000,A,95423885,S,200.0,24.79,247900.0,XIU,85.0,,,,,,,,,,,,,,
2020-01-30 15:17:11.714000000,Order Execution,1580415431714000000,E,95423831,,,,,,85.0,200.0,3586007.0,95451162.0,,1.0,,,,,,,,,
2020-01-30 15:17:11.714000000,Order Execution,1580415431714000000,E,95423885,,,,,,85.0,200.0,3586008.0,95451162.0,,1.0,,,,,,,,,
2020-01-30 15:18:35.274000000,Add Order,1580415515274000000,A,95753693,S,100.0,24.79,247900.0,XIU,85.0,,,,,,,,,,,,,,
2020-01-30 15:20:58.963000000,Add Order,1580415658963000000,A,96249117,S,100.0,24.78,247800.0,XIU,85.0,,,,,,,,,,,,,,
2020-01-30 15:21:04.530000000,Add Order,1580415664530000000,A,96274256,S,100.0,24.77,247700.0,XIU,85.0,,,,,,,,,,,,,,
2020-01-30 15:21:04.540000000,Add Order,1580415664540000000,A,96274273,S,200.0,24.77,247700.0,XIU,85.0,,,,,,,,,,,,,,
2020-01-30 15:21:39.271000000,Add Order,1580415699271000000,A,96397877,S,200.0,24.76,247600.0,XIU,85.0,,,,,,,,,,,,,,
2020-01-30 15:28:58.649000000,Add Order,1580416138649000000,A,98026975,S,200.0,24.76,247600.0,XIU,85.0,,,,,,,,,,,,,,
2020-01-30 15:29:11.072000000,Add Order,1580416151072000000,A,98092937,S,200.0,24.75,247500.0,XIU,85.0,,,,,,,,,,,,,,
2020-01-30 15:31:41.605000000,Add Order,1580416301605000000,A,98740626,S,100.0,24.78,247800.0,XIU,85.0,,,,,,,,,,,,,,
2020-01-30 15:31:50.794000000,Add Order,1580416310794000000,A,98788612,S,100.0,24.77,247700.0,XIU,85.0,,,,,,,,,,,,,,
2020-01-30 15:33:39.977000000,Add Order,1580416419977000000,A,99263333,S,200.0,24.77,247700.0,XIU,85.0,,,,,,,,,,,,,,
2020-01-30 15:33:44.310000000,Add Order,1580416424310000000,A,99284456,S,100.0,24.77,247700.0,XIU,85.0,,,,,,,,,,,,,,
2020-01-30 15:34:58.608000000,Add Order,1580416498608000000,A,99621761,S,100.0,24.75,247500.0,XIU,85.0,,,,,,,,,,,,,,
2020-01-30 15:35:07.537000000,Order Execution,1580416507537000000,E,99621761,,,,,,85.0,100.0,3621879.0,99689306.0,,1.0,,,,,,,,,
2020-01-30 15:43:53.421000000,Add Order,1580417033421000000,A,102131003,S,100.0,24.8,248000.0,XIU,85.0,,,,,,,,,,,,,,
2020-01-30 15:44:31.787000000,Add Order,1580417071787000000,A,102294881,S,100.0,24.8,248000.0,XIU,85.0,,,,,,,,,,,,,,
2020-01-30 15:44:37.884000000,Add Order,1580417077884000000,A,102318643,S,200.0,24.79,247900.0,XIU,85.0,,,,,,,,,,,,,,
2020-01-30 15:45:01.989000000,Add Order,1580417101989000000,A,102420326,S,100.0,24.81,248100.0,XIU,85.0,,,,,,,,,,,,,,
2020-01-30 15:46:46.754000000,Add Order,1580417206754000000,A,102800689,S,200.0,24.79,247900.0,XIU,85.0,,,,,,,,,,,,,,
2020-01-30 15:48:11.005000000,Add Order,1580417291005000000,A,103155385,S,100.0,24.8,248000.0,XIU,85.0,,,,,,,,,,,,,,
2020-01-30 15:48:48.096000000,Add Order,1580417328096000000,A,103325620,S,100.0,24.79,247900.0,XIU,85.0,,,,,,,,,,,,,,
2020-01-30 15:49:38.126000000,Add Order,1580417378126000000,A,103595049,S,100.0,24.79,247900.0,XIU,85.0,,,,,,,,,,,,,,
2020-01-30 15:49:53.028000000,Add Order,1580417393028000000,A,103683460,S,200.0,24.78,247800.0,XIU,85.0,,,,,,,,,,,,,,
