time,Msg Type,Time Stamp,Message Type,Order Reference,Buy/Sell Indicator,Shares,Price Decimal,Price,Stock,Broker,Executed Shares,Trade Reference,Contra Order Reference,Trade Attribute,Contra Broker,Cancelled Shares,Cross Type,Settlement Terms,Event Code,Trading State,Listing Market,Board Lot Size,Currency,GEF Eligible
2020-01-30 09:30:00.880000000,Add Order,1580394600880000000,A,71342,B,2000.0,25.15,251500.0,XIU,7.0,,,,,,,,,,,,,,
2020-01-30 09:30:00.880000000,Add Order,1580394600880000000,A,71351,S,2000.0,25.18,251800.0,XIU,7.0,,,,,,,,,,,,,,
2020-01-30 09:30:01.345000000,Add Order,1580394601345000000,A,71342,B,2000.0,25.14,251400.0,XIU,7.0,,,,,,,,,,,,,,
2020-01-30 09:30:01.345000000,Add Order,1580394601345000000,A,71351,S,2000.0,25.19,251900.0,XIU,7.0,,,,,,,,,,,,,,
2020-01-30 09:30:01.422000000,Add Order,1580394601422000000,A,71342,B,2000.0,25.13,251300.0,XIU,7.0,,,,,,,,,,,,,,
2020-01-30 09:30:01.548000000,Add Order,1580394601548000000,A,71351,S,2000.0,25.2,252000.0,XIU,7.0,,,,,,,,,,,,,,
2020-01-30 09:30:01.599000000,Add Order,1580394601599000000,A,71351,S,2000.0,25.19,251900.0,XIU,7.0,,,,,,,,,,,,,,
2020-01-30 09:30:01.665000000,Add Order,1580394601665000000,A,71351,S,2000.0,25.2,252000.0,XIU,7.0,,,,,,,,,,,,,,
2020-01-30 09:30:01.695000000,Add Order,1580394601695000000,A,71342,B,2000.0,25.12,251200.0,XIU,7.0,,,,,,,,,,,,,,
2020-01-30 09:30:01.737000000,Add Order,1580394601737000000,A,71351,S,2000.0,25.21,252100.0,XIU,7.0,,,,,,,,,,,,,,
2020-01-30 09:30:01.737000000,Add Order,1580394601737000000,A,71342,B,2000.0,25.13,251300.0,XIU,7.0,,,,,,,,,,,,,,
2020-01-30 09:30:02.056000000,Add Order,1580394602056000000,A,71342,B,2000.0,25.14,251400.0,XIU,7.0,,,,,,,,,,,,,,
2020-01-30 09:30:02.126000000,Add Order,1580394602126000000,A,71351,S,2000.0,25.2,252000.0,XIU,7.0,,,,,,,,,,,,,,
2020-01-30 09:30:02.179000000,Add Order,1580394602179000000,A,71342,B,2000.0,25.13,251300.0,XIU,7.0,,,,,,,,,,,,,,
2020-01-30 09:30:02.191000000,Add Order,1580394602191000000,A,71351,S,2000.0,25.21,252100.0,XIU,7.0,,,,,,,,,,,,,,
2020-01-30 09:30:02.251000000,Add Order,1580394602251000000,A,71342,B,2000.0,25.14,251400.0,XIU,7.0,,,,,,,,,,,,,,
2020-01-30 09:30:02.253000000,Add Order,1580394602253000000,A,71351,S,2000.0,25.2,252000.0,XIU,7.0,,,,,,,,,,,,,,
2020-01-30 09:30:02.308000000,Add Order,1580394602308000000,A,71342,B,2000.0,25.13,251300.0,XIU,7.0,,,,,,,,,,,,,,
2020-01-30 09:30:02.510000000,Add Order,1580394602510000000,A,71342,B,2000.0,25.14,251400.0,XIU,7.0,,,,,,,,,,,,,,
2020-01-30 09:30:02.609000000,Add Order,1580394602609000000,A,71342,B,2000.0,25.13,251300.0,XIU,7.0,,,,,,,,,,,,,,
2020-01-30 09:30:03.004000000,Add Order,1580394603004000000,A,71342,B,2000.0,25.14,251400.0,XIU,7.0,,,,,,,,,,,,,,
2020-01-30 09:30:03.042000000,Add Order,1580394603042000000,A,71342,B,2000.0,25.13,251300.0,XIU,7.0,,,,,,,,,,,,,,
2020-01-30 09:30:03.167000000,Add Order,1580394603167000000,A,71351,S,2000.0,25.21,252100.0,XIU,7.0,,,,,,,,,,,,,,
2020-01-30 09:30:03.214000000,Add Order,1580394603214000000,A,71351,S,2000.0,25.2,252000.0,XIU,7.0,,,,,,,,,,,,,,
2020-01-30 09:30:03.306000000,Add Order,1580394603306000000,A,71342,B,2000.0,25.14,251400.0,XIU,7.0,,,,,,,,,,,,,,
2020-01-30 09:30:03.326000000,Add Order,1580394603326000000,A,71342,B,2000.0,25.13,251300.0,XIU,7.0,,,,,,,,,,,,,,
2020-01-30 09:30:03.612000000,Add Order,1580394603612000000,A,71342,B,2000.0,25.12,251200.0,XIU,7.0,,,,,,,,,,,,,,
2020-01-30 09:30:04.022000000,Add Order,1580394604022000000,A,71342,B,2000.0,25.13,251300.0,XIU,7.0,,,,,,,,,,,,,,
2020-01-30 09:30:04.614000000,Add Order,1580394604614000000,A,71351,S,2000.0,25.19,251900.0,XIU,7.0,,,,,,,,,,,,,,
2020-01-30 09:30:04.636000000,Add Order,1580394604636000000,A,71342,B,2000.0,25.12,251200.0,XIU,7.0,,,,,,,,,,,,,,
2020-01-30 09:30:04.963000000,Add Order,1580394604963000000,A,71351,S,2000.0,25.18,251800.0,XIU,7.0,,,,,,,,,,,,,,
2020-01-30 09:30:05.031000000,Add Order,1580394605031000000,A,71351,S,2000.0,25.2,252000.0,XIU,7.0,,,,,,,,,,,,,,
2020-01-30 09:30:05.151000000,Add Order,1580394605151000000,A,71342,B,2000.0,25.13,251300.0,XIU,7.0,,,,,,,,,,,,,,
2020-01-30 09:30:06.309000000,Add Order,1580394606309000000,A,71342,B,2000.0,25.14,251400.0,XIU,7.0,,,,,,,,,,,,,,
2020-01-30 09:30:06.840000000,Add Order,1580394606840000000,A,71342,B,2000.0,25.13,251300.0,XIU,7.0,,,,,,,,,,,,,,
2020-01-30 09:30:07.479000000,Add Order,1580394607479000000,A,71342,B,2000.0,25.14,251400.0,XIU,7.0,,,,,,,,,,,,,,
2020-01-30 09:30:07.521000000,Add Order,1580394607521000000,A,71351,S,2000.0,25.21,252100.0,XIU,7.0,,,,,,,,,,,,,,
2020-01-30 09:30:07.569000000,Add Order,1580394607569000000,A,71342,B,2000.0,25.15,251500.0,XIU,7.0,,,,,,,,,,,,,,
2020-01-30 09:30:08.960000000,Add Order,1580394608960000000,A,71342,B,2000.0,25.14,251400.0,XIU,7.0,,,,,,,,,,,,,,
2020-01-30 09:30:09.867000000,Add Order,1580394609867000000,A,71342,B,2000.0,25.15,251500.0,XIU,7.0,,,,,,,,,,,,,,
2020-01-30 09:30:10.029000000,Add Order,1580394610029000000,A,71342,B,2000.0,25.14,251400.0,XIU,7.0,,,,,,,,,,,,,,
2020-01-30 09:30:10.143000000,Add Order,1580394610143000000,A,71342,B,2000.0,25.15,251500.0,XIU,7.0,,,,,,,,,,,,,,
2020-01-30 09:30:10.234000000,Add Order,1580394610234000000,A,71351,S,2000.0,25.22,252200.0,XIU,7.0,,,,,,,,,,,,,,
2020-01-30 09:30:10.312000000,Add Order,1580394610312000000,A,71342,B,2000.0,25.14,251400.0,XIU,7.0,,,,,,,,,,,,,,
2020-01-30 09:30:10.312000000,Add Order,1580394610312000000,A,71351,S,2000.0,25.19,251900.0,XIU,7.0,,,,,,,,,,,,,,
2020-01-30 09:30:10.385000000,Add Order,1580394610385000000,A,71342,B,2000.0,25.15,251500.0,XIU,7.0,,,,,,,,,,,,,,
2020-01-30 09:30:10.414000000,Add Order,1580394610414000000,A,71351,S,2000.0,25.22,252200.0,XIU,7.0,,,,,,,,,,,,,,
2020-01-30 09:30:11.220000000,Add Order,1580394611220000000,A,71351,S,2000.0,25.21,252100.0,XIU,7.0,,,,,,,,,,,,,,
2020-01-30 09:30:12.116000000,Add Order,1580394612116000000,A,71342,B,2000.0,25.14,251400.0,XIU,7.0,,,,,,,,,,,,,,
2020-01-30 09:30:12.224000000,Add Order,1580394612224000000,A,71351,S,2000.0,25.2,252000.0,XIU,7.0,,,,,,,,,,,,,,
2020-01-30 09:30:12.313000000,Add Order,1580394612313000000,A,71342,B,2000.0,25.15,251500.0,XIU,7.0,,,,,,,,,,,,,,
2020-01-30 09:30:12.673000000,Add Order,1580394612673000000,A,71342,B,2000.0,25.14,251400.0,XIU,7.0,,,,,,,,,,,,,,
2020-01-30 09:30:12.710000000,Add Order,1580394612710000000,A,71342,B,2000.0,25.15,251500.0,XIU,7.0,,,,,,,,,,,,,,
2020-01-30 09:30:12.729000000,Add Order,1580394612729000000,A,71342,B,2000.0,25.14,251400.0,XIU,7.0,,,,,,,,,,,,,,
2020-01-30 09:30:13.316000000,Add Order,1580394613316000000,A,71342,B,2000.0,25.13,251300.0,XIU,7.0,,,,,,,,,,,,,,
2020-01-30 09:30:17.027000000,Add Order,1580394617027000000,A,71351,S,2000.0,25.21,252100.0,XIU,7.0,,,,,,,,,,,,,,
2020-01-30 09:30:22.271000000,Add Order,1580394622271000000,A,71351,S,2000.0,25.2,252000.0,XIU,7.0,,,,,,,,,,,,,,
2020-01-30 09:30:23.887000000,Add Order,1580394623887000000,A,71342,B,2000.0,25.14,251400.0,XIU,7.0,,,,,,,,,,,,,,
2020-01-30 09:30:23.887000000,Add Order,1580394623887000000,A,71351,S,2000.0,25.21,252100.0,XIU,7.0,,,,,,,,,,,,,,
2020-01-30 09:30:24.767000000,Add Order,1580394624767000000,A,71351,S,2000.0,25.2,252000.0,XIU,7.0,,,,,,,,,,,,,,
2020-01-30 09:30:25.115000000,Add Order,1580394625115000000,A,71351,S,2000.0,25.21,252100.0,XIU,7.0,,,,,,,,,,,,,,
2020-01-30 09:30:26.467000000,Add Order,1580394626467000000,A,71351,S,2000.0,25.2,252000.0,XIU,7.0,,,,,,,,,,,,,,
2020-01-30 09:30:28.664000000,Add Order,1580394628664000000,A,71351,S,2000.0,25.21,252100.0,XIU,7.0,,,,,,,,,,,,,,
2020-01-30 09:30:31.184000000,Add Order,1580394631184000000,A,71342,B,2000.0,25.15,251500.0,XIU,7.0,,,,,,,,,,,,,,
2020-01-30 09:30:31.244000000,Add Order,1580394631244000000,A,71351,S,2000.0,25.22,252200.0,XIU,7.0,,,,,,,,,,,,,,
2020-01-30 09:30:34.989000000,Add Order,1580394634989000000,A,71342,B,2000.0,25.14,251400.0,XIU,7.0,,,,,,,,,,,,,,
2020-01-30 09:30:35.524000000,Add Order,1580394635524000000,A,71342,B,2000.0,25.15,251500.0,XIU,7.0,,,,,,,,,,,,,,
2020-01-30 09:30:35.537000000,Add Order,1580394635537000000,A,71342,B,2000.0,25.14,251400.0,XIU,7.0,,,,,,,,,,,,,,
2020-01-30 09:30:35.764000000,Add Order,1580394635764000000,A,71351,S,2000.0,25.21,252100.0,XIU,7.0,,,,,,,,,,,,,,
2020-01-30 09:30:36.104000000,Add Order,1580394636104000000,A,71342,B,2000.0,25.15,251500.0,XIU,7.0,,,,,,,,,,,,,,
2020-01-30 09:30:37.628000000,Add Order,1580394637628000000,A,71342,B,2000.0,25.16,251600.0,XIU,7.0,,,,,,,,,,,,,,
2020-01-30 09:30:37.628000000,Add Order,1580394637628000000,A,71351,S,2000.0,25.22,252200.0,XIU,7.0,,,,,,,,,,,,,,
2020-01-30 09:30:37.658000000,Add Order,1580394637658000000,A,71351,S,2000.0,25.21,252100.0,XIU,7.0,,,,,,,,,,,,,,
2020-01-30 09:30:37.693000000,Add Order,1580394637693000000,A,71342,B,2000.0,25.15,251500.0,XIU,7.0,,,,,,,,,,,,,,
2020-01-30 09:30:37.930000000,Add Order,1580394637930000000,A,71351,S,2000.0,25.23,252300.0,XIU,7.0,,,,,,,,,,,,,,
2020-01-30 09:30:38.154000000,Add Order,1580394638154000000,A,71342,B,2000.0,25.16,251600.0,XIU,7.0,,,,,,,,,,,,,,
2020-01-30 09:30:38.623000000,Add Order,1580394638623000000,A,71342,B,2000.0,25.15,251500.0,XIU,7.0,,,,,,,,,,,,,,
2020-01-30 09:30:39.083000000,Add Order,1580394639083000000,A,71342,B,2000.0,25.16,251600.0,XIU,7.0,,,,,,,,,,,,,,
2020-01-30 09:30:39.213000000,Add Order,1580394639213000000,A,71342,B,2000.0,25.15,251500.0,XIU,7.0,,,,,,,,,,,,,,
2020-01-30 09:30:39.363000000,Add Order,1580394639363000000,A,71351,S,2000.0,25.22,252200.0,XIU,7.0,,,,,,,,,,,,,,
2020-01-30 09:30:39.381000000,Add Order,1580394639381000000,A,71342,B,2000.0,25.16,251600.0,XIU,7.0,,,,,,,,,,,,,,
2020-01-30 09:30:39.450000000,Add Order,1580394639450000000,A,71342,B,2000.0,25.15,251500.0,XIU,7.0,,,,,,,,,,,,,,
2020-01-30 09:30:40.762000000,Add Order,1580394640762000000,A,71351,S,2000.0,25.21,252100.0,XIU,7.0,,,,,,,,,,,,,,
2020-01-30 09:30:42.328000000,Add Order,1580394642328000000,A,71351,S,2000.0,25.2,252000.0,XIU,7.0,,,,,,,,,,,,,,
2020-01-30 09:30:42.380000000,Add Order,1580394642380000000,A,71351,S,2000.0,25.21,252100.0,XIU,7.0,,,,,,,,,,,,,,
2020-01-30 09:30:46.793000000,Add Order,1580394646793000000,A,71351,S,2000.0,25.22,252200.0,XIU,7.0,,,,,,,,,,,,,,
2020-01-30 09:30:46.820000000,Add Order,1580394646820000000,A,71342,B,2000.0,25.16,251600.0,XIU,7.0,,,,,,,,,,,,,,
2020-01-30 09:30:47.249000000,Add Order,1580394647249000000,A,71351,S,2000.0,25.21,252100.0,XIU,7.0,,,,,,,,,,,,,,
2020-01-30 09:30:47.363000000,Add Order,1580394647363000000,A,71351,S,2000.0,25.22,252200.0,XIU,7.0,,,,,,,,,,,,,,
2020-01-30 09:30:50.326000000,Add Order,1580394650326000000,A,71351,S,2000.0,25.21,252100.0,XIU,7.0,,,,,,,,,,,,,,
2020-01-30 09:30:50.605000000,Add Order,1580394650605000000,A,71342,B,2000.0,25.15,251500.0,XIU,7.0,,,,,,,,,,,,,,
2020-01-30 09:30:54.965000000,Add Order,1580394654965000000,A,71342,B,2000.0,25.16,251600.0,XIU,7.0,,,,,,,,,,,,,,
2020-01-30 09:30:55.563000000,Add Order,1580394655563000000,A,71351,S,2000.0,25.22,252200.0,XIU,7.0,,,,,,,,,,,,,,
2020-01-30 09:30:56.649000000,Add Order,1580394656649000000,A,71351,S,2000.0,25.21,252100.0,XIU,7.0,,,,,,,,,,,,,,
2020-01-30 09:30:56.750000000,Add Order,1580394656750000000,A,71351,S,2000.0,25.22,252200.0,XIU,7.0,,,,,,,,,,,,,,
2020-01-30 09:30:56.767000000,Add Order,1580394656767000000,A,71342,B,2000.0,25.17,251700.0,XIU,7.0,,,,,,,,,,,,,,
2020-01-30 09:30:58.735000000,Add Order,1580394658735000000,A,71342,B,2000.0,25.16,251600.0,XIU,7.0,,,,,,,,,,,,,,
2020-01-30 09:30:58.825000000,Add Order,1580394658825000000,A,71342,B,2000.0,25.17,251700.0,XIU,7.0,,,,,,,,,,,,,,
2020-01-30 09:30:58.826000000,Add Order,1580394658826000000,A,71351,S,2000.0,25.23,252300.0,XIU,7.0,,,,,,,,,,,,,,
2020-01-30 09:30:59.199000000,Add Order,1580394659199000000,A,71351,S,2000.0,25.22,252200.0,XIU,7.0,,,,,,,,,,,,,,
2020-01-30 09:30:59.448000000,Add Order,1580394659448000000,A,71351,S,2000.0,25.23,252300.0,XIU,7.0,,,,,,,,,,,,,,
2020-01-30 09:31:01.254000000,Add Order,1580394661254000000,A,71351,S,2000.0,25.22,252200.0,XIU,7.0,,,,,,,,,,,,,,
2020-01-30 09:31:01.769000000,Add Order,1580394661769000000,A,71351,S,2000.0,25.23,252300.0,XIU,7.0,,,,,,,,,,,,,,
2020-01-30 09:31:02.687000000,Add Order,1580394662687000000,A,71342,B,2000.0,25.18,251800.0,XIU,7.0,,,,,,,,,,,,,,
2020-01-30 09:31:03.498000000,Add Order,1580394663498000000,A,71351,S,2000.0,25.24,252400.0,XIU,7.0,,,,,,,,,,,,,,
2020-01-30 09:31:05.912000000,Add Order,1580394665912000000,A,71342,B,2000.0,25.17,251700.0,XIU,7.0,,,,,,,,,,,,,,
2020-01-30 09:31:06.449000000,Add Order,1580394666449000000,A,71342,B,2000.0,25.18,251800.0,XIU,7.0,,,,,,,,,,,,,,
2020-01-30 09:31:06.792000000,Add Order,1580394666792000000,A,71342,B,2000.0,25.17,251700.0,XIU,7.0,,,,,,,,,,,,,,
2020-01-30 09:31:10.870000000,Add Order,1580394670870000000,A,71342,B,2000.0,25.18,251800.0,XIU,7.0,,,,,,,,,,,,,,
2020-01-30 09:31:11.844000000,Add Order,1580394671844000000,A,71342,B,2000.0,25.17,251700.0,XIU,7.0,,,,,,,,,,,,,,
2020-01-30 09:31:12.097000000,Add Order,1580394672097000000,A,71342,B,2000.0,25.18,251800.0,XIU,7.0,,,,,,,,,,,,,,
2020-01-30 09:31:13.811000000,Add Order,1580394673811000000,A,71342,B,2000.0,25.17,251700.0,XIU,7.0,,,,,,,,,,,,,,
2020-01-30 09:31:14.467000000,Add Order,1580394674467000000,A,71342,B,2000.0,25.18,251800.0,XIU,7.0,,,,,,,,,,,,,,
2020-01-30 09:31:14.673000000,Add Order,1580394674673000000,A,71351,S,2000.0,25.25,252500.0,XIU,7.0,,,,,,,,,,,,,,
2020-01-30 09:31:15.577000000,Add Order,1580394675577000000,A,71351,S,2000.0,25.24,252400.0,XIU,7.0,,,,,,,,,,,,,,
2020-01-30 09:31:15.822000000,Add Order,1580394675822000000,A,71351,S,2000.0,25.25,252500.0,XIU,7.0,,,,,,,,,,,,,,
2020-01-30 09:31:16.208000000,Add Order,1580394676208000000,A,71351,S,2000.0,25.24,252400.0,XIU,7.0,,,,,,,,,,,,,,
2020-01-30 09:31:18.161000000,Add Order,1580394678161000000,A,71351,S,2000.0,25.23,252300.0,XIU,7.0,,,,,,,,,,,,,,
2020-01-30 09:31:18.405000000,Add Order,1580394678405000000,A,71342,B,2000.0,25.17,251700.0,XIU,7.0,,,,,,,,,,,,,,
2020-01-30 09:31:19.740000000,Add Order,1580394679740000000,A,71342,B,2000.0,25.18,251800.0,XIU,7.0,,,,,,,,,,,,,,
2020-01-30 09:31:19.867000000,Add Order,1580394679867000000,A,71342,B,2000.0,25.17,251700.0,XIU,7.0,,,,,,,,,,,,,,
2020-01-30 09:31:20.893000000,Add Order,1580394680893000000,A,71342,B,2000.0,25.18,251800.0,XIU,7.0,,,,,,,,,,,,,,
2020-01-30 09:31:20.966000000,Add Order,1580394680966000000,A,71342,B,2000.0,25.17,251700.0,XIU,7.0,,,,,,,,,,,,,,
2020-01-30 09:31:23.003000000,Add Order,1580394683003000000,A,71351,S,2000.0,25.22,252200.0,XIU,7.0,,,,,,,,,,,,,,
2020-01-30 09:31:23.051000000,Add Order,1580394683051000000,A,71351,S,2000.0,25.23,252300.0,XIU,7.0,,,,,,,,,,,,,,
2020-01-30 09:31:23.094000000,Add Order,1580394683094000000,A,71342,B,2000.0,25.16,251600.0,XIU,7.0,,,,,,,,,,,,,,
2020-01-30 09:31:23.095000000,Add Order,1580394683095000000,A,71351,S,2000.0,25.22,252200.0,XIU,7.0,,,,,,,,,,,,,,
2020-01-30 09:31:24.178000000,Add Order,1580394684178000000,A,71351,S,2000.0,25.23,252300.0,XIU,7.0,,,,,,,,,,,,,,
2020-01-30 09:31:27.397000000,Add Order,1580394687397000000,A,71351,S,2000.0,25.22,252200.0,XIU,7.0,,,,,,,,,,,,,,
2020-01-30 09:31:27.562000000,Add Order,1580394687562000000,A,71342,B,2000.0,25.15,251500.0,XIU,7.0,,,,,,,,,,,,,,
2020-01-30 09:31:29.793000000,Add Order,1580394689793000000,A,71351,S,2000.0,25.21,252100.0,XIU,7.0,,,,,,,,,,,,,,
2020-01-30 09:31:30.039000000,Add Order,1580394690039000000,A,71351,S,2000.0,25.22,252200.0,XIU,7.0,,,,,,,,,,,,,,
2020-01-30 09:31:30.075000000,Add Order,1580394690075000000,A,71351,S,2000.0,25.21,252100.0,XIU,7.0,,,,,,,,,,,,,,
2020-01-30 09:31:30.177000000,Add Order,1580394690177000000,A,71351,S,2000.0,25.22,252200.0,XIU,7.0,,,,,,,,,,,,,,
2020-01-30 09:31:30.326000000,Add Order,1580394690326000000,A,71351,S,2000.0,25.21,252100.0,XIU,7.0,,,,,,,,,,,,,,
2020-01-30 09:31:30.654000000,Add Order,1580394690654000000,A,71351,S,2000.0,25.22,252200.0,XIU,7.0,,,,,,,,,,,,,,
2020-01-30 09:31:30.872000000,Add Order,1580394690872000000,A,71351,S,2000.0,25.21,252100.0,XIU,7.0,,,,,,,,,,,,,,
2020-01-30 09:31:30.878000000,Add Order,1580394690878000000,A,71351,S,2000.0,25.22,252200.0,XIU,7.0,,,,,,,,,,,,,,
2020-01-30 09:31:30.896000000,Add Order,1580394690896000000,A,71351,S,2000.0,25.21,252100.0,XIU,7.0,,,,,,,,,,,,,,
2020-01-30 09:31:30.906000000,Add Order,1580394690906000000,A,71351,S,2000.0,25.22,252200.0,XIU,7.0,,,,,,,,,,,,,,
2020-01-30 09:31:30.924000000,Add Order,1580394690924000000,A,71351,S,2000.0,25.21,252100.0,XIU,7.0,,,,,,,,,,,,,,
2020-01-30 09:31:30.930000000,Add Order,1580394690930000000,A,71351,S,2000.0,25.22,252200.0,XIU,7.0,,,,,,,,,,,,,,
2020-01-30 09:31:30.937000000,Add Order,1580394690937000000,A,71351,S,2000.0,25.21,252100.0,XIU,7.0,,,,,,,,,,,,,,
2020-01-30 09:31:31.322000000,Add Order,1580394691322000000,A,71351,S,2000.0,25.22,252200.0,XIU,7.0,,,,,,,,,,,,,,
2020-01-30 09:31:31.576000000,Add Order,1580394691576000000,A,71351,S,2000.0,25.21,252100.0,XIU,7.0,,,,,,,,,,,,,,
2020-01-30 09:31:33.408000000,Add Order,1580394693408000000,A,71351,S,2000.0,25.22,252200.0,XIU,7.0,,,,,,,,,,,,,,
2020-01-30 09:31:35.280000000,Add Order,1580394695280000000,A,71342,B,2000.0,25.16,251600.0,XIU,7.0,,,,,,,,,,,,,,
2020-01-30 09:31:35.736000000,Add Order,1580394695736000000,A,71342,B,2000.0,25.15,251500.0,XIU,7.0,,,,,,,,,,,,,,
2020-01-30 09:31:35.813000000,Add Order,1580394695813000000,A,71342,B,2000.0,25.16,251600.0,XIU,7.0,,,,,,,,,,,,,,
2020-01-30 09:31:36.230000000,Add Order,1580394696230000000,A,71351,S,2000.0,25.23,252300.0,XIU,7.0,,,,,,,,,,,,,,
2020-01-30 09:31:38.009000000,Add Order,1580394698009000000,A,71351,S,2000.0,25.22,252200.0,XIU,7.0,,,,,,,,,,,,,,
2020-01-30 09:31:41.179000000,Add Order,1580394701179000000,A,71351,S,2000.0,25.23,252300.0,XIU,7.0,,,,,,,,,,,,,,
2020-01-30 09:31:42.013000000,Add Order,1580394702013000000,A,71351,S,2000.0,25.22,252200.0,XIU,7.0,,,,,,,,,,,,,,
2020-01-30 09:31:44.417000000,Add Order,1580394704417000000,A,71351,S,2000.0,25.23,252300.0,XIU,7.0,,,,,,,,,,,,,,
2020-01-30 09:31:45.010000000,Add Order,1580394705010000000,A,71351,S,2000.0,25.22,252200.0,XIU,7.0,,,,,,,,,,,,,,
2020-01-30 09:31:47.030000000,Add Order,1580394707030000000,A,71351,S,2000.0,25.23,252300.0,XIU,7.0,,,,,,,,,,,,,,
2020-01-30 09:31:47.218000000,Add Order,1580394707218000000,A,71351,S,2000.0,25.22,252200.0,XIU,7.0,,,,,,,,,,,,,,
2020-01-30 09:31:47.804000000,Add Order,1580394707804000000,A,71351,S,2000.0,25.23,252300.0,XIU,7.0,,,,,,,,,,,,,,
2020-01-30 09:31:47.997000000,Add Order,1580394707997000000,A,71351,S,2000.0,25.22,252200.0,XIU,7.0,,,,,,,,,,,,,,
2020-01-30 09:31:49.558000000,Add Order,1580394709558000000,A,71342,B,2000.0,25.17,251700.0,XIU,7.0,,,,,,,,,,,,,,
2020-01-30 09:31:50.072000000,Add Order,1580394710072000000,A,71342,B,2000.0,25.16,251600.0,XIU,7.0,,,,,,,,,,,,,,
2020-01-30 09:31:50.073000000,Add Order,1580394710073000000,A,71351,S,2000.0,25.21,252100.0,XIU,7.0,,,,,,,,,,,,,,
2020-01-30 09:31:50.110000000,Add Order,1580394710110000000,A,71342,B,2000.0,25.15,251500.0,XIU,7.0,,,,,,,,,,,,,,
2020-01-30 09:31:50.182000000,Add Order,1580394710182000000,A,71342,B,2000.0,25.16,251600.0,XIU,7.0,,,,,,,,,,,,,,
2020-01-30 09:31:50.669000000,Add Order,1580394710669000000,A,71351,S,2000.0,25.22,252200.0,XIU,7.0,,,,,,,,,,,,,,
2020-01-30 09:31:50.897000000,Add Order,1580394710897000000,A,71351,S,2000.0,25.21,252100.0,XIU,7.0,,,,,,,,,,,,,,
2020-01-30 09:31:51.225000000,Add Order,1580394711225000000,A,71351,S,2000.0,25.22,252200.0,XIU,7.0,,,,,,,,,,,,,,
2020-01-30 09:31:53.301000000,Add Order,1580394713301000000,A,71351,S,2000.0,25.21,252100.0,XIU,7.0,,,,,,,,,,,,,,
2020-01-30 09:31:54.078000000,Add Order,1580394714078000000,A,71342,B,2000.0,25.15,251500.0,XIU,7.0,,,,,,,,,,,,,,
2020-01-30 09:31:54.305000000,Add Order,1580394714305000000,A,71342,B,2000.0,25.16,251600.0,XIU,7.0,,,,,,,,,,,,,,
2020-01-30 09:31:55.060000000,Add Order,1580394715060000000,A,71351,S,2000.0,25.22,252200.0,XIU,7.0,,,,,,,,,,,,,,
2020-01-30 09:31:56.306000000,Add Order,1580394716306000000,A,71351,S,2000.0,25.23,252300.0,XIU,7.0,,,,,,,,,,,,,,
2020-01-30 09:31:56.650000000,Add Order,1580394716650000000,A,71351,S,2000.0,25.22,252200.0,XIU,7.0,,,,,,,,,,,,,,
2020-01-30 09:31:56.668000000,Add Order,1580394716668000000,A,71351,S,2000.0,25.23,252300.0,XIU,7.0,,,,,,,,,,,,,,
2020-01-30 09:31:57.013000000,Add Order,1580394717013000000,A,71342,B,2000.0,25.17,251700.0,XIU,7.0,,,,,,,,,,,,,,
2020-01-30 09:31:57.311000000,Add Order,1580394717311000000,A,71351,S,2000.0,25.24,252400.0,XIU,7.0,,,,,,,,,,,,,,
2020-01-30 09:31:59.117000000,Add Order,1580394719117000000,A,71351,S,2000.0,25.23,252300.0,XIU,7.0,,,,,,,,,,,,,,
2020-01-30 09:32:00.258000000,Add Order,1580394720258000000,A,71351,S,2000.0,25.22,252200.0,XIU,7.0,,,,,,,,,,,,,,
2020-01-30 09:32:00.310000000,Add Order,1580394720310000000,A,71351,S,2000.0,25.23,252300.0,XIU,7.0,,,,,,,,,,,,,,
2020-01-30 09:32:00.361000000,Add Order,1580394720361000000,A,71351,S,2000.0,25.22,252200.0,XIU,7.0,,,,,,,,,,,,,,
2020-01-30 09:32:01.408000000,Add Order,1580394721408000000,A,71351,S,2000.0,25.23,252300.0,XIU,7.0,,,,,,,,,,,,,,
2020-01-30 09:32:01.472000000,Add Order,1580394721472000000,A,71351,S,2000.0,25.22,252200.0,XIU,7.0,,,,,,,,,,,,,,
2020-01-30 09:32:01.593000000,Add Order,1580394721593000000,A,71342,B,2000.0,25.16,251600.0,XIU,7.0,,,,,,,,,,,,,,
2020-01-30 09:32:01.628000000,Add Order,1580394721628000000,A,71342,B,2000.0,25.17,251700.0,XIU,7.0,,,,,,,,,,,,,,
2020-01-30 09:32:02.241000000,Add Order,1580394722241000000,A,71342,B,2000.0,25.16,251600.0,XIU,7.0,,,,,,,,,,,,,,
2020-01-30 09:32:02.423000000,Add Order,1580394722423000000,A,71351,S,2000.0,25.23,252300.0,XIU,7.0,,,,,,,,,,,,,,
2020-01-30 09:32:02.765000000,Add Order,1580394722765000000,A,71342,B,2000.0,25.17,251700.0,XIU,7.0,,,,,,,,,,,,,,
2020-01-30 09:32:05.699000000,Add Order,1580394725699000000,A,71351,S,2000.0,25.22,252200.0,XIU,7.0,,,,,,,,,,,,,,
2020-01-30 09:32:06.964000000,Add Order,1580394726964000000,A,71351,S,2000.0,25.23,252300.0,XIU,7.0,,,,,,,,,,,,,,
2020-01-30 09:32:08.044000000,Add Order,1580394728044000000,A,71351,S,2000.0,25.22,252200.0,XIU,7.0,,,,,,,,,,,,,,
2020-01-30 09:32:08.219000000,Add Order,1580394728219000000,A,71351,S,2000.0,25.23,252300.0,XIU,7.0,,,,,,,,,,,,,,
2020-01-30 09:32:10.437000000,Add Order,1580394730437000000,A,71351,S,2000.0,25.22,252200.0,XIU,7.0,,,,,,,,,,,,,,
2020-01-30 09:32:12.440000000,Add Order,1580394732440000000,A,71342,B,2000.0,25.16,251600.0,XIU,7.0,,,,,,,,,,,,,,
2020-01-30 09:32:12.455000000,Add Order,1580394732455000000,A,71342,B,2000.0,25.17,251700.0,XIU,7.0,,,,,,,,,,,,,,
2020-01-30 09:32:13.730000000,Add Order,1580394733730000000,A,71342,B,2000.0,25.16,251600.0,XIU,7.0,,,,,,,,,,,,,,
2020-01-30 09:32:13.945000000,Add Order,1580394733945000000,A,71342,B,2000.0,25.17,251700.0,XIU,7.0,,,,,,,,,,,,,,
2020-01-30 09:32:14.882000000,Add Order,1580394734882000000,A,71351,S,2000.0,25.23,252300.0,XIU,7.0,,,,,,,,,,,,,,
2020-01-30 09:32:14.967000000,Add Order,1580394734967000000,A,71351,S,2000.0,25.22,252200.0,XIU,7.0,,,,,,,,,,,,,,
2020-01-30 09:32:15.272000000,Add Order,1580394735272000000,A,71351,S,2000.0,25.23,252300.0,XIU,7.0,,,,,,,,,,,,,,
2020-01-30 09:32:18.453000000,Add Order,1580394738453000000,A,71351,S,2000.0,25.22,252200.0,XIU,7.0,,,,,,,,,,,,,,
2020-01-30 09:32:23.458000000,Add Order,1580394743458000000,A,71351,S,2000.0,25.23,252300.0,XIU,7.0,,,,,,,,,,,,,,
2020-01-30 09:32:24.451000000,Add Order,1580394744451000000,A,71351,S,2000.0,25.24,252400.0,XIU,7.0,,,,,,,,,,,,,,
2020-01-30 09:32:25.073000000,Add Order,1580394745073000000,A,71351,S,2000.0,25.23,252300.0,XIU,7.0,,,,,,,,,,,,,,
2020-01-30 09:32:29.364000000,Add Order,1580394749364000000,A,71351,S,2000.0,25.22,252200.0,XIU,7.0,,,,,,,,,,,,,,
2020-01-30 09:32:29.661000000,Add Order,1580394749661000000,A,71351,S,2000.0,25.23,252300.0,XIU,7.0,,,,,,,,,,,,,,
2020-01-30 09:32:30.481000000,Add Order,1580394750481000000,A,71342,B,2000.0,25.16,251600.0,XIU,7.0,,,,,,,,,,,,,,
2020-01-30 09:32:30.560000000,Add Order,1580394750560000000,A,71351,S,2000.0,25.22,252200.0,XIU,7.0,,,,,,,,,,,,,,
2020-01-30 09:32:32.844000000,Add Order,1580394752844000000,A,71351,S,2000.0,25.23,252300.0,XIU,7.0,,,,,,,,,,,,,,
2020-01-30 09:32:32.903000000,Add Order,1580394752903000000,A,71351,S,2000.0,25.22,252200.0,XIU,7.0,,,,,,,,,,,,,,
2020-01-30 09:32:33.328000000,Add Order,1580394753328000000,A,71342,B,2000.0,25.17,251700.0,XIU,7.0,,,,,,,,,,,,,,
2020-01-30 09:32:35.089000000,Add Order,1580394755089000000,A,71342,B,2000.0,25.16,251600.0,XIU,7.0,,,,,,,,,,,,,,
2020-01-30 09:32:35.194000000,Add Order,1580394755194000000,A,71342,B,2000.0,25.17,251700.0,XIU,7.0,,,,,,,,,,,,,,
2020-01-30 09:32:35.243000000,Add Order,1580394755243000000,A,71342,B,2000.0,25.16,251600.0,XIU,7.0,,,,,,,,,,,,,,
2020-01-30 09:32:35.354000000,Add Order,1580394755354000000,A,71342,B,2000.0,25.17,251700.0,XIU,7.0,,,,,,,,,,,,,,
2020-01-30 09:32:35.367000000,Add Order,1580394755367000000,A,71342,B,2000.0,25.16,251600.0,XIU,7.0,,,,,,,,,,,,,,
2020-01-30 09:32:35.569000000,Add Order,1580394755569000000,A,71342,B,2000.0,25.17,251700.0,XIU,7.0,,,,,,,,,,,,,,
2020-01-30 09:32:35.661000000,Add Order,1580394755661000000,A,71351,S,2000.0,25.23,252300.0,XIU,7.0,,,,,,,,,,,,,,
2020-01-30 09:32:35.693000000,Add Order,1580394755693000000,A,71351,S,2000.0,25.22,252200.0,XIU,7.0,,,,,,,,,,,,,,
2020-01-30 09:32:36.882000000,Add Order,1580394756882000000,A,71351,S,2000.0,25.23,252300.0,XIU,7.0,,,,,,,,,,,,,,
2020-01-30 09:32:37.715000000,Add Order,1580394757715000000,A,71351,S,2000.0,25.22,252200.0,XIU,7.0,,,,,,,,,,,,,,
2020-01-30 09:32:37.750000000,Add Order,1580394757750000000,A,71351,S,2000.0,25.23,252300.0,XIU,7.0,,,,,,,,,,,,,,
2020-01-30 09:32:37.891000000,Add Order,1580394757891000000,A,71351,S,2000.0,25.22,252200.0,XIU,7.0,,,,,,,,,,,,,,
2020-01-30 09:32:37.974000000,Add Order,1580394757974000000,A,71342,B,2000.0,25.16,251600.0,XIU,7.0,,,,,,,,,,,,,,
2020-01-30 09:32:37.977000000,Add Order,1580394757977000000,A,71351,S,2000.0,25.23,252300.0,XIU,7.0,,,,,,,,,,,,,,
2020-01-30 09:32:38.034000000,Add Order,1580394758034000000,A,71342,B,2000.0,25.17,251700.0,XIU,7.0,,,,,,,,,,,,,,
2020-01-30 09:32:38.278000000,Add Order,1580394758278000000,A,71351,S,2000.0,25.22,252200.0,XIU,7.0,,,,,,,,,,,,,,
2020-01-30 09:32:39.197000000,Add Order,1580394759197000000,A,71351,S,2000.0,25.23,252300.0,XIU,7.0,,,,,,,,,,,,,,
2020-01-30 09:32:39.397000000,Add Order,1580394759397000000,A,71351,S,2000.0,25.22,252200.0,XIU,7.0,,,,,,,,,,,,,,
2020-01-30 09:32:39.409000000,Add Order,1580394759409000000,A,71351,S,2000.0,25.23,252300.0,XIU,7.0,,,,,,,,,,,,,,
2020-01-30 09:32:39.611000000,Add Order,1580394759611000000,A,71351,S,2000.0,25.22,252200.0,XIU,7.0,,,,,,,,,,,,,,
2020-01-30 09:32:39.728000000,Add Order,1580394759728000000,A,71351,S,2000.0,25.23,252300.0,XIU,7.0,,,,,,,,,,,,,,
2020-01-30 09:32:39.759000000,Add Order,1580394759759000000,A,71351,S,2000.0,25.22,252200.0,XIU,7.0,,,,,,,,,,,,,,
2020-01-30 09:32:40.839000000,Add Order,1580394760839000000,A,71351,S,2000.0,25.23,252300.0,XIU,7.0,,,,,,,,,,,,,,
2020-01-30 09:32:41.133000000,Add Order,1580394761133000000,A,71342,B,2000.0,25.16,251600.0,XIU,7.0,,,,,,,,,,,,,,
2020-01-30 09:32:41.225000000,Add Order,1580394761225000000,A,71342,B,2000.0,25.17,251700.0,XIU,7.0,,,,,,,,,,,,,,
2020-01-30 09:32:41.226000000,Add Order,1580394761226000000,A,71351,S,2000.0,25.22,252200.0,XIU,7.0,,,,,,,,,,,,,,
2020-01-30 09:32:43.173000000,Add Order,1580394763173000000,A,71351,S,2000.0,25.23,252300.0,XIU,7.0,,,,,,,,,,,,,,
2020-01-30 09:32:44.643000000,Add Order,1580394764643000000,A,71351,S,2000.0,25.22,252200.0,XIU,7.0,,,,,,,,,,,,,,
2020-01-30 09:32:44.663000000,Add Order,1580394764663000000,A,71351,S,2000.0,25.23,252300.0,XIU,7.0,,,,,,,,,,,,,,
2020-01-30 09:32:46.738000000,Add Order,1580394766738000000,A,71351,S,2000.0,25.22,252200.0,XIU,7.0,,,,,,,,,,,,,,
2020-01-30 09:32:47.072000000,Add Order,1580394767072000000,A,71342,B,2000.0,25.16,251600.0,XIU,7.0,,,,,,,,,,,,,,
2020-01-30 09:32:47.384000000,Add Order,1580394767384000000,A,71342,B,2000.0,25.17,251700.0,XIU,7.0,,,,,,,,,,,,,,
2020-01-30 09:32:48.068000000,Add Order,1580394768068000000,A,71342,B,2000.0,25.16,251600.0,XIU,7.0,,,,,,,,,,,,,,
2020-01-30 09:32:48.147000000,Add Order,1580394768147000000,A,71342,B,2000.0,25.17,251700.0,XIU,7.0,,,,,,,,,,,,,,
2020-01-30 09:32:51.789000000,Add Order,1580394771789000000,A,71342,B,2000.0,25.16,251600.0,XIU,7.0,,,,,,,,,,,,,,
2020-01-30 09:32:52.601000000,Add Order,1580394772601000000,A,71351,S,2000.0,25.21,252100.0,XIU,7.0,,,,,,,,,,,,,,
2020-01-30 09:32:52.978000000,Add Order,1580394772978000000,A,71351,S,2000.0,25.22,252200.0,XIU,7.0,,,,,,,,,,,,,,
2020-01-30 09:32:54.172000000,Add Order,1580394774172000000,A,71351,S,2000.0,25.21,252100.0,XIU,7.0,,,,,,,,,,,,,,
2020-01-30 09:32:57.477000000,Add Order,1580394777477000000,A,71342,B,2000.0,25.15,251500.0,XIU,7.0,,,,,,,,,,,,,,
2020-01-30 09:32:57.525000000,Add Order,1580394777525000000,A,71351,S,2000.0,25.22,252200.0,XIU,7.0,,,,,,,,,,,,,,
2020-01-30 09:32:57.531000000,Add Order,1580394777531000000,A,71342,B,2000.0,25.16,251600.0,XIU,7.0,,,,,,,,,,,,,,
2020-01-30 09:32:57.896000000,Add Order,1580394777896000000,A,71351,S,2000.0,25.21,252100.0,XIU,7.0,,,,,,,,,,,,,,
2020-01-30 09:32:58.537000000,Add Order,1580394778537000000,A,71342,B,2000.0,25.15,251500.0,XIU,7.0,,,,,,,,,,,,,,
2020-01-30 09:32:58.953000000,Add Order,1580394778953000000,A,71342,B,2000.0,25.16,251600.0,XIU,7.0,,,,,,,,,,,,,,
2020-01-30 09:32:59.546000000,Add Order,1580394779546000000,A,71342,B,2000.0,25.15,251500.0,XIU,7.0,,,,,,,,,,,,,,
2020-01-30 09:32:59.811000000,Add Order,1580394779811000000,A,71342,B,2000.0,25.16,251600.0,XIU,7.0,,,,,,,,,,,,,,
2020-01-30 09:32:59.972000000,Add Order,1580394779972000000,A,71342,B,2000.0,25.15,251500.0,XIU,7.0,,,,,,,,,,,,,,
2020-01-30 09:33:00.581000000,Add Order,1580394780581000000,A,71351,S,2000.0,25.2,252000.0,XIU,7.0,,,,,,,,,,,,,,
2020-01-30 09:33:01.091000000,Add Order,1580394781091000000,A,71351,S,2000.0,25.21,252100.0,XIU,7.0,,,,,,,,,,,,,,
2020-01-30 09:33:01.566000000,Add Order,1580394781566000000,A,71342,B,2000.0,25.14,251400.0,XIU,7.0,,,,,,,,,,,,,,
2020-01-30 09:33:01.690000000,Add Order,1580394781690000000,A,71342,B,2000.0,25.15,251500.0,XIU,7.0,,,,,,,,,,,,,,
2020-01-30 09:33:02.572000000,Add Order,1580394782572000000,A,71342,B,2000.0,25.14,251400.0,XIU,7.0,,,,,,,,,,,,,,
2020-01-30 09:33:03.170000000,Add Order,1580394783170000000,A,71342,B,2000.0,25.15,251500.0,XIU,7.0,,,,,,,,,,,,,,
2020-01-30 09:33:03.344000000,Add Order,1580394783344000000,A,71351,S,2000.0,25.2,252000.0,XIU,7.0,,,,,,,,,,,,,,
2020-01-30 09:33:03.522000000,Add Order,1580394783522000000,A,71351,S,2000.0,25.21,252100.0,XIU,7.0,,,,,,,,,,,,,,
2020-01-30 09:33:09.576000000,Add Order,1580394789576000000,A,71342,B,2000.0,25.14,251400.0,XIU,7.0,,,,,,,,,,,,,,
2020-01-30 09:33:10.705000000,Add Order,1580394790705000000,A,71351,S,2000.0,25.2,252000.0,XIU,7.0,,,,,,,,,,,,,,
2020-01-30 09:33:12.199000000,Add Order,1580394792199000000,A,71351,S,2000.0,25.21,252100.0,XIU,7.0,,,,,,,,,,,,,,
2020-01-30 09:33:12.454000000,Add Order,1580394792454000000,A,71351,S,2000.0,25.2,252000.0,XIU,7.0,,,,,,,,,,,,,,
2020-01-30 09:33:14.857000000,Add Order,1580394794857000000,A,71351,S,2000.0,25.19,251900.0,XIU,7.0,,,,,,,,,,,,,,
2020-01-30 09:33:15.177000000,Add Order,1580394795177000000,A,71351,S,2000.0,25.2,252000.0,XIU,7.0,,,,,,,,,,,,,,
2020-01-30 09:33:16.314000000,Add Order,1580394796314000000,A,71342,B,2000.0,25.13,251300.0,XIU,7.0,,,,,,,,,,,,,,
2020-01-30 09:33:16.348000000,Add Order,1580394796348000000,A,71342,B,2000.0,25.14,251400.0,XIU,7.0,,,,,,,,,,,,,,
2020-01-30 09:33:16.671000000,Add Order,1580394796671000000,A,71351,S,2000.0,25.19,251900.0,XIU,7.0,,,,,,,,,,,,,,
2020-01-30 09:33:17.326000000,Add Order,1580394797326000000,A,71342,B,2000.0,25.13,251300.0,XIU,7.0,,,,,,,,,,,,,,
2020-01-30 09:33:17.707000000,Add Order,1580394797707000000,A,71342,B,2000.0,25.14,251400.0,XIU,7.0,,,,,,,,,,,,,,
2020-01-30 09:33:17.707000000,Add Order,1580394797707000000,A,71351,S,2000.0,25.2,252000.0,XIU,7.0,,,,,,,,,,,,,,
2020-01-30 09:33:17.950000000,Add Order,1580394797950000000,A,71351,S,2000.0,25.19,251900.0,XIU,7.0,,,,,,,,,,,,,,
2020-01-30 09:33:18.334000000,Add Order,1580394798334000000,A,71342,B,2000.0,25.13,251300.0,XIU,7.0,,,,,,,,,,,,,,
2020-01-30 09:33:18.440000000,Add Order,1580394798440000000,A,71342,B,2000.0,25.14,251400.0,XIU,7.0,,,,,,,,,,,,,,
2020-01-30 09:33:19.042000000,Add Order,1580394799042000000,A,71342,B,2000.0,25.13,251300.0,XIU,7.0,,,,,,,,,,,,,,
2020-01-30 09:33:20.514000000,Add Order,1580394800514000000,A,71351,S,2000.0,25.2,252000.0,XIU,7.0,,,,,,,,,,,,,,
2020-01-30 09:33:20.729000000,Add Order,1580394800729000000,A,71342,B,2000.0,25.14,251400.0,XIU,7.0,,,,,,,,,,,,,,
2020-01-30 09:33:20.909000000,Add Order,1580394800909000000,A,71351,S,2000.0,25.19,251900.0,XIU,7.0,,,,,,,,,,,,,,
2020-01-30 09:33:21.271000000,Add Order,1580394801271000000,A,71351,S,2000.0,25.2,252000.0,XIU,7.0,,,,,,,,,,,,,,
2020-01-30 09:33:26.753000000,Add Order,1580394806753000000,A,71342,B,2000.0,25.15,251500.0,XIU,7.0,,,,,,,,,,,,,,
2020-01-30 09:33:27.838000000,Add Order,1580394807838000000,A,71342,B,2000.0,25.14,251400.0,XIU,7.0,,,,,,,,,,,,,,
2020-01-30 09:33:27.883000000,Add Order,1580394807883000000,A,71342,B,2000.0,25.15,251500.0,XIU,7.0,,,,,,,,,,,,,,
2020-01-30 09:33:27.993000000,Add Order,1580394807993000000,A,71351,S,2000.0,25.21,252100.0,XIU,7.0,,,,,,,,,,,,,,
2020-01-30 09:33:28.045000000,Add Order,1580394808045000000,A,71351,S,2000.0,25.2,252000.0,XIU,7.0,,,,,,,,,,,,,,
2020-01-30 09:33:28.161000000,Add Order,1580394808161000000,A,71342,B,2000.0,25.14,251400.0,XIU,7.0,,,,,,,,,,,,,,
2020-01-30 09:33:28.258000000,Add Order,1580394808258000000,A,71342,B,2000.0,25.15,251500.0,XIU,7.0,,,,,,,,,,,,,,
2020-01-30 09:33:28.269000000,Add Order,1580394808269000000,A,71342,B,2000.0,25.14,251400.0,XIU,7.0,,,,,,,,,,,,,,
2020-01-30 09:33:28.373000000,Add Order,1580394808373000000,A,71342,B,2000.0,25.15,251500.0,XIU,7.0,,,,,,,,,,,,,,
2020-01-30 09:33:28.543000000,Add Order,1580394808543000000,A,71342,B,2000.0,25.14,251400.0,XIU,7.0,,,,,,,,,,,,,,
2020-01-30 09:33:29.470000000,Add Order,1580394809470000000,A,71342,B,2000.0,25.15,251500.0,XIU,7.0,,,,,,,,,,,,,,
2020-01-30 09:33:29.491000000,Add Order,1580394809491000000,A,71342,B,2000.0,25.14,251400.0,XIU,7.0,,,,,,,,,,,,,,
2020-01-30 09:33:30.813000000,Add Order,1580394810813000000,A,71342,B,2000.0,25.15,251500.0,XIU,7.0,,,,,,,,,,,,,,
2020-01-30 09:33:30.884000000,Add Order,1580394810884000000,A,71351,S,2000.0,25.21,252100.0,XIU,7.0,,,,,,,,,,,,,,
2020-01-30 09:33:32.914000000,Add Order,1580394812914000000,A,71351,S,2000.0,25.2,252000.0,XIU,7.0,,,,,,,,,,,,,,
2020-01-30 09:33:34.365000000,Add Order,1580394814365000000,A,71351,S,2000.0,25.21,252100.0,XIU,7.0,,,,,,,,,,,,,,
2020-01-30 09:33:37.420000000,Add Order,1580394817420000000,A,71342,B,2000.0,25.16,251600.0,XIU,7.0,,,,,,,,,,,,,,
2020-01-30 09:33:38.952000000,Add Order,1580394818952000000,A,71342,B,2000.0,25.15,251500.0,XIU,7.0,,,,,,,,,,,,,,
2020-01-30 09:33:40.996000000,Add Order,1580394820996000000,A,71342,B,2000.0,25.16,251600.0,XIU,7.0,,,,,,,,,,,,,,
2020-01-30 09:33:41.106000000,Add Order,1580394821106000000,A,71342,B,2000.0,25.15,251500.0,XIU,7.0,,,,,,,,,,,,,,
2020-01-30 09:33:46.703000000,Add Order,1580394826703000000,A,71351,S,2000.0,25.2,252000.0,XIU,7.0,,,,,,,,,,,,,,
2020-01-30 09:33:46.958000000,Add Order,1580394826958000000,A,71351,S,2000.0,25.21,252100.0,XIU,7.0,,,,,,,,,,,,,,
2020-01-30 09:33:47.034000000,Add Order,1580394827034000000,A,71351,S,2000.0,25.2,252000.0,XIU,7.0,,,,,,,,,,,,,,
2020-01-30 09:33:52.762000000,Add Order,1580394832762000000,A,71342,B,2000.0,25.16,251600.0,XIU,7.0,,,,,,,,,,,,,,
2020-01-30 09:33:52.901000000,Add Order,1580394832901000000,A,71351,S,2000.0,25.21,252100.0,XIU,7.0,,,,,,,,,,,,,,
2020-01-30 09:33:55.045000000,Add Order,1580394835045000000,A,71342,B,2000.0,25.15,251500.0,XIU,7.0,,,,,,,,,,,,,,
2020-01-30 09:33:55.309000000,Add Order,1580394835309000000,A,71342,B,2000.0,25.16,251600.0,XIU,7.0,,,,,,,,,,,,,,
2020-01-30 09:33:55.984000000,Add Order,1580394835984000000,A,71342,B,2000.0,25.15,251500.0,XIU,7.0,,,,,,,,,,,,,,
2020-01-30 09:33:59.903000000,Add Order,1580394839903000000,A,71351,S,2000.0,25.2,252000.0,XIU,7.0,,,,,,,,,,,,,,
2020-01-30 09:34:10.140000000,Add Order,1580394850140000000,A,71342,B,2000.0,25.14,251400.0,XIU,7.0,,,,,,,,,,,,,,
2020-01-30 09:34:10.649000000,Add Order,1580394850649000000,A,71351,S,2000.0,25.19,251900.0,XIU,7.0,,,,,,,,,,,,,,
2020-01-30 09:34:15.112000000,Add Order,1580394855112000000,A,71351,S,2000.0,25.18,251800.0,XIU,7.0,,,,,,,,,,,,,,
2020-01-30 09:34:15.144000000,Add Order,1580394855144000000,A,71351,S,2000.0,25.19,251900.0,XIU,7.0,,,,,,,,,,,,,,
2020-01-30 09:34:18.458000000,Add Order,1580394858458000000,A,71342,B,2000.0,25.13,251300.0,XIU,7.0,,,,,,,,,,,,,,
2020-01-30 09:34:18.543000000,Add Order,1580394858543000000,A,71342,B,2000.0,25.14,251400.0,XIU,7.0,,,,,,,,,,,,,,
2020-01-30 09:34:23.815000000,Add Order,1580394863815000000,A,71342,B,2000.0,25.15,251500.0,XIU,7.0,,,,,,,,,,,,,,
2020-01-30 09:34:23.815000000,Add Order,1580394863815000000,A,71351,S,2000.0,25.2,252000.0,XIU,7.0,,,,,,,,,,,,,,
2020-01-30 09:34:24.630000000,Add Order,1580394864630000000,A,71351,S,2000.0,25.19,251900.0,XIU,7.0,,,,,,,,,,,,,,
2020-01-30 09:34:31.623000000,Add Order,1580394871623000000,A,71342,B,2000.0,25.14,251400.0,XIU,7.0,,,,,,,,,,,,,,
2020-01-30 09:34:32.137000000,Add Order,1580394872137000000,A,71342,B,2000.0,25.13,251300.0,XIU,7.0,,,,,,,,,,,,,,
2020-01-30 09:34:32.803000000,Add Order,1580394872803000000,A,71342,B,2000.0,25.14,251400.0,XIU,7.0,,,,,,,,,,,,,,
2020-01-30 09:34:34.328000000,Add Order,1580394874328000000,A,71351,S,2000.0,25.2,252000.0,XIU,7.0,,,,,,,,,,,,,,
2020-01-30 09:34:34.660000000,Add Order,1580394874660000000,A,71351,S,2000.0,25.19,251900.0,XIU,7.0,,,,,,,,,,,,,,
2020-01-30 09:34:38.625000000,Add Order,1580394878625000000,A,71351,S,2000.0,25.2,252000.0,XIU,7.0,,,,,,,,,,,,,,
2020-01-30 09:34:38.685000000,Add Order,1580394878685000000,A,71351,S,2000.0,25.19,251900.0,XIU,7.0,,,,,,,,,,,,,,
2020-01-30 09:34:38.699000000,Add Order,1580394878699000000,A,71351,S,2000.0,25.2,252000.0,XIU,7.0,,,,,,,,,,,,,,
2020-01-30 09:34:38.878000000,Add Order,1580394878878000000,A,71351,S,2000.0,25.19,251900.0,XIU,7.0,,,,,,,,,,,,,,
2020-01-30 09:34:39.101000000,Add Order,1580394879101000000,A,71351,S,2000.0,25.2,252000.0,XIU,7.0,,,,,,,,,,,,,,
2020-01-30 09:34:40.132000000,Add Order,1580394880132000000,A,71351,S,2000.0,25.19,251900.0,XIU,7.0,,,,,,,,,,,,,,
2020-01-30 09:34:46.954000000,Add Order,1580394886954000000,A,71342,B,2000.0,25.13,251300.0,XIU,7.0,,,,,,,,,,,,,,
2020-01-30 09:34:49.157000000,Add Order,1580394889157000000,A,71342,B,2000.0,25.14,251400.0,XIU,7.0,,,,,,,,,,,,,,
2020-01-30 09:34:50.152000000,Add Order,1580394890152000000,A,71351,S,2000.0,25.18,251800.0,XIU,7.0,,,,,,,,,,,,,,
2020-01-30 09:34:50.182000000,Add Order,1580394890182000000,A,71351,S,2000.0,25.19,251900.0,XIU,7.0,,,,,,,,,,,,,,
2020-01-30 09:34:51.117000000,Add Order,1580394891117000000,A,71351,S,2000.0,25.18,251800.0,XIU,7.0,,,,,,,,,,,,,,
2020-01-30 09:34:53.606000000,Add Order,1580394893606000000,A,71342,B,2000.0,25.13,251300.0,XIU,7.0,,,,,,,,,,,,,,
2020-01-30 09:35:01.250000000,Add Order,1580394901250000000,A,71351,S,2000.0,25.17,251700.0,XIU,7.0,,,,,,,,,,,,,,
2020-01-30 09:35:04.042000000,Add Order,1580394904042000000,A,71342,B,2000.0,25.12,251200.0,XIU,7.0,,,,,,,,,,,,,,
2020-01-30 09:35:06.731000000,Add Order,1580394906731000000,A,71351,S,2000.0,25.16,251600.0,XIU,7.0,,,,,,,,,,,,,,
2020-01-30 09:35:09.364000000,Add Order,1580394909364000000,A,71342,B,2000.0,25.11,251100.0,XIU,7.0,,,,,,,,,,,,,,
2020-01-30 09:35:09.902000000,Add Order,1580394909902000000,A,71351,S,2000.0,25.15,251500.0,XIU,7.0,,,,,,,,,,,,,,
2020-01-30 09:35:13.681000000,Add Order,1580394913681000000,A,71351,S,2000.0,25.16,251600.0,XIU,7.0,,,,,,,,,,,,,,
2020-01-30 09:35:16.141000000,Add Order,1580394916141000000,A,71351,S,2000.0,25.15,251500.0,XIU,7.0,,,,,,,,,,,,,,
2020-01-30 09:35:16.306000000,Add Order,1580394916306000000,A,71351,S,2000.0,25.16,251600.0,XIU,7.0,,,,,,,,,,,,,,
2020-01-30 09:35:20.090000000,Add Order,1580394920090000000,A,71351,S,2000.0,25.17,251700.0,XIU,7.0,,,,,,,,,,,,,,
2020-01-30 09:35:20.716000000,Add Order,1580394920716000000,A,71351,S,2000.0,25.16,251600.0,XIU,7.0,,,,,,,,,,,,,,
2020-01-30 09:35:20.747000000,Add Order,1580394920747000000,A,71351,S,2000.0,25.17,251700.0,XIU,7.0,,,,,,,,,,,,,,
2020-01-30 09:35:21.095000000,Add Order,1580394921095000000,A,71342,B,2000.0,25.12,251200.0,XIU,7.0,,,,,,,,,,,,,,
2020-01-30 09:35:25.360000000,Add Order,1580394925360000000,A,71351,S,2000.0,25.18,251800.0,XIU,7.0,,,,,,,,,,,,,,
2020-01-30 09:35:25.794000000,Add Order,1580394925794000000,A,71342,B,2000.0,25.11,251100.0,XIU,7.0,,,,,,,,,,,,,,
2020-01-30 09:35:25.794000000,Add Order,1580394925794000000,A,71351,S,2000.0,25.17,251700.0,XIU,7.0,,,,,,,,,,,,,,
2020-01-30 09:35:26.224000000,Add Order,1580394926224000000,A,71351,S,2000.0,25.18,251800.0,XIU,7.0,,,,,,,,,,,,,,
2020-01-30 09:35:26.429000000,Add Order,1580394926429000000,A,71351,S,2000.0,25.17,251700.0,XIU,7.0,,,,,,,,,,,,,,
2020-01-30 09:35:26.668000000,Add Order,1580394926668000000,A,71342,B,2000.0,25.12,251200.0,XIU,7.0,,,,,,,,,,,,,,
2020-01-30 09:35:26.668000000,Add Order,1580394926668000000,A,71351,S,2000.0,25.18,251800.0,XIU,7.0,,,,,,,,,,,,,,
2020-01-30 09:35:32.133000000,Add Order,1580394932133000000,A,71342,B,2000.0,25.13,251300.0,XIU,7.0,,,,,,,,,,,,,,
2020-01-30 09:35:32.357000000,Add Order,1580394932357000000,A,71351,S,2000.0,25.19,251900.0,XIU,7.0,,,,,,,,,,,,,,
2020-01-30 09:35:33.238000000,Add Order,1580394933238000000,A,71351,S,2000.0,25.18,251800.0,XIU,7.0,,,,,,,,,,,,,,
2020-01-30 09:35:33.285000000,Add Order,1580394933285000000,A,71351,S,2000.0,25.19,251900.0,XIU,7.0,,,,,,,,,,,,,,
2020-01-30 09:35:35.226000000,Add Order,1580394935226000000,A,71351,S,2000.0,25.18,251800.0,XIU,7.0,,,,,,,,,,,,,,
2020-01-30 09:35:37.671000000,Add Order,1580394937671000000,A,71351,S,2000.0,25.19,251900.0,XIU,7.0,,,,,,,,,,,,,,
2020-01-30 09:35:38.140000000,Add Order,1580394938140000000,A,71351,S,2000.0,25.18,251800.0,XIU,7.0,,,,,,,,,,,,,,
2020-01-30 09:35:38.155000000,Add Order,1580394938155000000,A,71351,S,2000.0,25.19,251900.0,XIU,7.0,,,,,,,,,,,,,,
2020-01-30 09:35:38.204000000,Add Order,1580394938204000000,A,71351,S,2000.0,25.18,251800.0,XIU,7.0,,,,,,,,,,,,,,
2020-01-30 09:35:38.916000000,Add Order,1580394938916000000,A,71351,S,2000.0,25.19,251900.0,XIU,7.0,,,,,,,,,,,,,,
2020-01-30 09:35:43.315000000,Add Order,1580394943315000000,A,71342,B,2000.0,25.14,251400.0,XIU,7.0,,,,,,,,,,,,,,
2020-01-30 09:35:44.632000000,Add Order,1580394944632000000,A,71342,B,2000.0,25.13,251300.0,XIU,7.0,,,,,,,,,,,,,,
2020-01-30 09:35:46.121000000,Add Order,1580394946121000000,A,71342,B,2000.0,25.14,251400.0,XIU,7.0,,,,,,,,,,,,,,
2020-01-30 09:35:47.392000000,Add Order,1580394947392000000,A,71351,S,2000.0,25.2,252000.0,XIU,7.0,,,,,,,,,,,,,,
2020-01-30 09:35:47.577000000,Add Order,1580394947577000000,A,71351,S,2000.0,25.19,251900.0,XIU,7.0,,,,,,,,,,,,,,
2020-01-30 09:35:47.669000000,Add Order,1580394947669000000,A,71342,B,2000.0,25.13,251300.0,XIU,7.0,,,,,,,,,,,,,,
2020-01-30 09:35:47.890000000,Add Order,1580394947890000000,A,71342,B,2000.0,25.14,251400.0,XIU,7.0,,,,,,,,,,,,,,
2020-01-30 09:35:48.130000000,Add Order,1580394948130000000,A,71342,B,2000.0,25.13,251300.0,XIU,7.0,,,,,,,,,,,,,,
2020-01-30 09:35:52.009000000,Add Order,1580394952009000000,A,71342,B,2000.0,25.14,251400.0,XIU,7.0,,,,,,,,,,,,,,
2020-01-30 09:35:52.011000000,Add Order,1580394952011000000,A,71351,S,2000.0,25.2,252000.0,XIU,7.0,,,,,,,,,,,,,,
2020-01-30 09:35:52.435000000,Add Order,1580394952435000000,A,71351,S,2000.0,25.19,251900.0,XIU,7.0,,,,,,,,,,,,,,
2020-01-30 09:35:52.678000000,Add Order,1580394952678000000,A,71342,B,2000.0,25.13,251300.0,XIU,7.0,,,,,,,,,,,,,,
2020-01-30 09:35:53.055000000,Add Order,1580394953055000000,A,71342,B,2000.0,25.14,251400.0,XIU,7.0,,,,,,,,,,,,,,
2020-01-30 09:35:53.175000000,Add Order,1580394953175000000,A,71342,B,2000.0,25.13,251300.0,XIU,7.0,,,,,,,,,,,,,,
2020-01-30 09:35:53.823000000,Add Order,1580394953823000000,A,71342,B,2000.0,25.14,251400.0,XIU,7.0,,,,,,,,,,,,,,
2020-01-30 09:35:54.110000000,Add Order,1580394954110000000,A,71342,B,2000.0,25.13,251300.0,XIU,7.0,,,,,,,,,,,,,,
2020-01-30 09:35:55.155000000,Add Order,1580394955155000000,A,71342,B,2000.0,25.14,251400.0,XIU,7.0,,,,,,,,,,,,,,
2020-01-30 09:35:56.556000000,Add Order,1580394956556000000,A,71351,S,2000.0,25.2,252000.0,XIU,7.0,,,,,,,,,,,,,,
2020-01-30 09:36:03.662000000,Add Order,1580394963662000000,A,71342,B,2000.0,25.15,251500.0,XIU,7.0,,,,,,,,,,,,,,
2020-01-30 09:36:05.064000000,Add Order,1580394965064000000,A,71342,B,2000.0,25.14,251400.0,XIU,7.0,,,,,,,,,,,,,,
2020-01-30 09:36:05.222000000,Add Order,1580394965222000000,A,71342,B,2000.0,25.15,251500.0,XIU,7.0,,,,,,,,,,,,,,
2020-01-30 09:36:05.516000000,Add Order,1580394965516000000,A,71342,B,2000.0,25.14,251400.0,XIU,7.0,,,,,,,,,,,,,,
2020-01-30 09:36:06.021000000,Add Order,1580394966021000000,A,71342,B,2000.0,25.15,251500.0,XIU,7.0,,,,,,,,,,,,,,
2020-01-30 09:36:06.437000000,Add Order,1580394966437000000,A,71351,S,2000.0,25.21,252100.0,XIU,7.0,,,,,,,,,,,,,,
2020-01-30 09:36:10.734000000,Add Order,1580394970734000000,A,71351,S,2000.0,25.2,252000.0,XIU,7.0,,,,,,,,,,,,,,
2020-01-30 09:36:16.271000000,Add Order,1580394976271000000,A,71351,S,2000.0,25.19,251900.0,XIU,7.0,,,,,,,,,,,,,,
2020-01-30 09:36:20.662000000,Add Order,1580394980662000000,A,71342,B,2000.0,25.14,251400.0,XIU,7.0,,,,,,,,,,,,,,
2020-01-30 09:36:20.884000000,Add Order,1580394980884000000,A,71342,B,2000.0,25.15,251500.0,XIU,7.0,,,,,,,,,,,,,,
2020-01-30 09:36:22.674000000,Add Order,1580394982674000000,A,71351,S,2000.0,25.2,252000.0,XIU,7.0,,,,,,,,,,,,,,
2020-01-30 09:36:24.806000000,Add Order,1580394984806000000,A,71342,B,2000.0,25.16,251600.0,XIU,7.0,,,,,,,,,,,,,,
2020-01-30 09:36:25.251000000,Add Order,1580394985251000000,A,71342,B,2000.0,25.15,251500.0,XIU,7.0,,,,,,,,,,,,,,
2020-01-30 09:36:37.159000000,Add Order,1580394997159000000,A,71351,S,2000.0,25.19,251900.0,XIU,7.0,,,,,,,,,,,,,,
2020-01-30 09:36:43.597000000,Add Order,1580395003597000000,A,71342,B,2000.0,25.14,251400.0,XIU,7.0,,,,,,,,,,,,,,
2020-01-30 09:36:48.923000000,Add Order,1580395008923000000,A,71342,B,2000.0,25.15,251500.0,XIU,7.0,,,,,,,,,,,,,,
2020-01-30 09:36:51.492000000,Add Order,1580395011492000000,A,71342,B,2000.0,25.14,251400.0,XIU,7.0,,,,,,,,,,,,,,
2020-01-30 09:36:51.527000000,Add Order,1580395011527000000,A,71342,B,2000.0,25.15,251500.0,XIU,7.0,,,,,,,,,,,,,,
2020-01-30 09:36:51.544000000,Add Order,1580395011544000000,A,71351,S,2000.0,25.2,252000.0,XIU,7.0,,,,,,,,,,,,,,
2020-01-30 09:36:54.793000000,Add Order,1580395014793000000,A,71351,S,2000.0,25.19,251900.0,XIU,7.0,,,,,,,,,,,,,,
2020-01-30 09:36:55.893000000,Add Order,1580395015893000000,A,71351,S,2000.0,25.2,252000.0,XIU,7.0,,,,,,,,,,,,,,
2020-01-30 09:36:55.997000000,Add Order,1580395015997000000,A,71351,S,2000.0,25.19,251900.0,XIU,7.0,,,,,,,,,,,,,,
2020-01-30 09:36:56.800000000,Add Order,1580395016800000000,A,71351,S,2000.0,25.2,252000.0,XIU,7.0,,,,,,,,,,,,,,
2020-01-30 09:37:00.488000000,Add Order,1580395020488000000,A,71342,B,2000.0,25.16,251600.0,XIU,7.0,,,,,,,,,,,,,,
2020-01-30 09:37:00.958000000,Add Order,1580395020958000000,A,71342,B,2000.0,25.15,251500.0,XIU,7.0,,,,,,,,,,,,,,
2020-01-30 09:37:02.789000000,Add Order,1580395022789000000,A,71351,S,2000.0,25.19,251900.0,XIU,7.0,,,,,,,,,,,,,,
2020-01-30 09:37:10.435000000,Add Order,1580395030435000000,A,71342,B,2000.0,25.14,251400.0,XIU,7.0,,,,,,,,,,,,,,
2020-01-30 09:37:12.935000000,Add Order,1580395032935000000,A,71351,S,2000.0,25.18,251800.0,XIU,7.0,,,,,,,,,,,,,,
2020-01-30 09:37:13.345000000,Add Order,1580395033345000000,A,71351,S,2000.0,25.19,251900.0,XIU,7.0,,,,,,,,,,,,,,
2020-01-30 09:37:19.051000000,Add Order,1580395039051000000,A,71351,S,2000.0,25.18,251800.0,XIU,7.0,,,,,,,,,,,,,,
2020-01-30 09:37:19.056000000,Add Order,1580395039056000000,A,71342,B,2000.0,25.13,251300.0,XIU,7.0,,,,,,,,,,,,,,
2020-01-30 09:37:21.457000000,Add Order,1580395041457000000,A,71342,B,2000.0,25.14,251400.0,XIU,7.0,,,,,,,,,,,,,,
2020-01-30 09:37:21.530000000,Add Order,1580395041530000000,A,71351,S,2000.0,25.19,251900.0,XIU,7.0,,,,,,,,,,,,,,
2020-01-30 09:37:22.005000000,Add Order,1580395042005000000,A,71351,S,2000.0,25.18,251800.0,XIU,7.0,,,,,,,,,,,,,,
2020-01-30 09:37:22.206000000,Add Order,1580395042206000000,A,71351,S,2000.0,25.19,251900.0,XIU,7.0,,,,,,,,,,,,,,
2020-01-30 09:37:25.449000000,Add Order,1580395045449000000,A,71351,S,2000.0,25.18,251800.0,XIU,7.0,,,,,,,,,,,,,,
2020-01-30 09:37:33.571000000,Add Order,1580395053571000000,A,71351,S,2000.0,25.19,251900.0,XIU,7.0,,,,,,,,,,,,,,
2020-01-30 09:37:34.236000000,Add Order,1580395054236000000,A,71351,S,2000.0,25.18,251800.0,XIU,7.0,,,,,,,,,,,,,,
2020-01-30 09:37:36.709000000,Add Order,1580395056709000000,A,71351,S,2000.0,25.19,251900.0,XIU,7.0,,,,,,,,,,,,,,
2020-01-30 09:37:39.125000000,Add Order,1580395059125000000,A,71351,S,2000.0,25.18,251800.0,XIU,7.0,,,,,,,,,,,,,,
2020-01-30 09:37:53.814000000,Add Order,1580395073814000000,A,71351,S,2000.0,25.19,251900.0,XIU,7.0,,,,,,,,,,,,,,
2020-01-30 09:37:58.749000000,Add Order,1580395078749000000,A,71351,S,2000.0,25.18,251800.0,XIU,7.0,,,,,,,,,,,,,,
2020-01-30 09:37:58.889000000,Add Order,1580395078889000000,A,71351,S,2000.0,25.19,251900.0,XIU,7.0,,,,,,,,,,,,,,
2020-01-30 09:38:00.150000000,Add Order,1580395080150000000,A,71351,S,2000.0,25.18,251800.0,XIU,7.0,,,,,,,,,,,,,,
2020-01-30 09:38:00.307000000,Add Order,1580395080307000000,A,71351,S,2000.0,25.19,251900.0,XIU,7.0,,,,,,,,,,,,,,
2020-01-30 09:38:00.806000000,Add Order,1580395080806000000,A,71351,S,2000.0,25.18,251800.0,XIU,7.0,,,,,,,,,,,,,,
2020-01-30 09:38:01.728000000,Add Order,1580395081728000000,A,71342,B,2000.0,25.13,251300.0,XIU,7.0,,,,,,,,,,,,,,
2020-01-30 09:38:03.212000000,Add Order,1580395083212000000,A,71342,B,2000.0,25.14,251400.0,XIU,7.0,,,,,,,,,,,,,,
2020-01-30 09:38:06.895000000,Add Order,1580395086895000000,A,71351,S,2000.0,25.19,251900.0,XIU,7.0,,,,,,,,,,,,,,
2020-01-30 09:38:07.238000000,Add Order,1580395087238000000,A,71351,S,2000.0,25.18,251800.0,XIU,7.0,,,,,,,,,,,,,,
2020-01-30 09:38:07.474000000,Add Order,1580395087474000000,A,71351,S,2000.0,25.19,251900.0,XIU,7.0,,,,,,,,,,,,,,
2020-01-30 09:38:07.687000000,Add Order,1580395087687000000,A,71351,S,2000.0,25.18,251800.0,XIU,7.0,,,,,,,,,,,,,,
2020-01-30 09:38:07.701000000,Add Order,1580395087701000000,A,71351,S,2000.0,25.19,251900.0,XIU,7.0,,,,,,,,,,,,,,
2020-01-30 09:38:07.729000000,Add Order,1580395087729000000,A,71351,S,2000.0,25.18,251800.0,XIU,7.0,,,,,,,,,,,,,,
2020-01-30 09:38:07.752000000,Add Order,1580395087752000000,A,71351,S,2000.0,25.19,251900.0,XIU,7.0,,,,,,,,,,,,,,
2020-01-30 09:38:07.841000000,Add Order,1580395087841000000,A,71351,S,2000.0,25.18,251800.0,XIU,7.0,,,,,,,,,,,,,,
2020-01-30 09:38:10.358000000,Add Order,1580395090358000000,A,71351,S,2000.0,25.19,251900.0,XIU,7.0,,,,,,,,,,,,,,
2020-01-30 09:38:10.762000000,Add Order,1580395090762000000,A,71342,B,2000.0,25.15,251500.0,XIU,7.0,,,,,,,,,,,,,,
2020-01-30 09:38:11.349000000,Add Order,1580395091349000000,A,71351,S,2000.0,25.18,251800.0,XIU,7.0,,,,,,,,,,,,,,
2020-01-30 09:38:11.585000000,Add Order,1580395091585000000,A,71351,S,2000.0,25.19,251900.0,XIU,7.0,,,,,,,,,,,,,,
2020-01-30 09:38:12.166000000,Add Order,1580395092166000000,A,71351,S,2000.0,25.18,251800.0,XIU,7.0,,,,,,,,,,,,,,
2020-01-30 09:38:12.731000000,Add Order,1580395092731000000,A,71351,S,2000.0,25.19,251900.0,XIU,7.0,,,,,,,,,,,,,,
2020-01-30 09:38:12.960000000,Add Order,1580395092960000000,A,71351,S,2000.0,25.18,251800.0,XIU,7.0,,,,,,,,,,,,,,
2020-01-30 09:38:13.488000000,Add Order,1580395093488000000,A,71351,S,2000.0,25.19,251900.0,XIU,7.0,,,,,,,,,,,,,,
2020-01-30 09:38:13.893000000,Add Order,1580395093893000000,A,71351,S,2000.0,25.18,251800.0,XIU,7.0,,,,,,,,,,,,,,
2020-01-30 09:38:14.166000000,Add Order,1580395094166000000,A,71351,S,2000.0,25.19,251900.0,XIU,7.0,,,,,,,,,,,,,,
2020-01-30 09:38:24.692000000,Add Order,1580395104692000000,A,71342,B,2000.0,25.14,251400.0,XIU,7.0,,,,,,,,,,,,,,
2020-01-30 09:38:25.061000000,Add Order,1580395105061000000,A,71342,B,2000.0,25.15,251500.0,XIU,7.0,,,,,,,,,,,,,,
2020-01-30 09:38:29.461000000,Add Order,1580395109461000000,A,71342,B,2000.0,25.14,251400.0,XIU,7.0,,,,,,,,,,,,,,
2020-01-30 09:38:35.380000000,Add Order,1580395115380000000,A,71351,S,2000.0,25.18,251800.0,XIU,7.0,,,,,,,,,,,,,,
2020-01-30 09:38:38.945000000,Add Order,1580395118945000000,A,71351,S,2000.0,25.19,251900.0,XIU,7.0,,,,,,,,,,,,,,
2020-01-30 09:38:39.045000000,Add Order,1580395119045000000,A,71351,S,2000.0,25.18,251800.0,XIU,7.0,,,,,,,,,,,,,,
2020-01-30 09:38:39.504000000,Add Order,1580395119504000000,A,71351,S,2000.0,25.19,251900.0,XIU,7.0,,,,,,,,,,,,,,
2020-01-30 09:38:39.635000000,Add Order,1580395119635000000,A,71351,S,2000.0,25.18,251800.0,XIU,7.0,,,,,,,,,,,,,,
2020-01-30 09:38:40.613000000,Add Order,1580395120613000000,A,71351,S,2000.0,25.19,251900.0,XIU,7.0,,,,,,,,,,,,,,
2020-01-30 09:38:41.468000000,Add Order,1580395121468000000,A,71351,S,2000.0,25.18,251800.0,XIU,7.0,,,,,,,,,,,,,,
2020-01-30 09:38:42.618000000,Add Order,1580395122618000000,A,71351,S,2000.0,25.19,251900.0,XIU,7.0,,,,,,,,,,,,,,
2020-01-30 09:38:42.804000000,Add Order,1580395122804000000,A,71351,S,2000.0,25.18,251800.0,XIU,7.0,,,,,,,,,,,,,,
2020-01-30 09:38:46.555000000,Add Order,1580395126555000000,A,71351,S,2000.0,25.19,251900.0,XIU,7.0,,,,,,,,,,,,,,
2020-01-30 09:38:47.081000000,Add Order,1580395127081000000,A,71351,S,2000.0,25.18,251800.0,XIU,7.0,,,,,,,,,,,,,,
2020-01-30 09:38:52.760000000,Add Order,1580395132760000000,A,71351,S,2000.0,25.19,251900.0,XIU,7.0,,,,,,,,,,,,,,
2020-01-30 09:39:02.873000000,Add Order,1580395142873000000,A,71351,S,2000.0,25.18,251800.0,XIU,7.0,,,,,,,,,,,,,,
2020-01-30 09:39:03.476000000,Add Order,1580395143476000000,A,71351,S,2000.0,25.19,251900.0,XIU,7.0,,,,,,,,,,,,,,
2020-01-30 09:39:03.755000000,Add Order,1580395143755000000,A,71351,S,2000.0,25.18,251800.0,XIU,7.0,,,,,,,,,,,,,,
2020-01-30 09:39:08.217000000,Add Order,1580395148217000000,A,71351,S,2000.0,25.19,251900.0,XIU,7.0,,,,,,,,,,,,,,
2020-01-30 09:39:08.235000000,Add Order,1580395148235000000,A,71351,S,2000.0,25.18,251800.0,XIU,7.0,,,,,,,,,,,,,,
2020-01-30 09:39:08.807000000,Add Order,1580395148807000000,A,71351,S,2000.0,25.19,251900.0,XIU,7.0,,,,,,,,,,,,,,
2020-01-30 09:39:09.707000000,Add Order,1580395149707000000,A,71351,S,2000.0,25.18,251800.0,XIU,7.0,,,,,,,,,,,,,,
2020-01-30 09:39:09.725000000,Add Order,1580395149725000000,A,71351,S,2000.0,25.19,251900.0,XIU,7.0,,,,,,,,,,,,,,
2020-01-30 09:39:11.130000000,Add Order,1580395151130000000,A,71342,B,2000.0,25.15,251500.0,XIU,7.0,,,,,,,,,,,,,,
2020-01-30 09:39:14.617000000,Add Order,1580395154617000000,A,71342,B,2000.0,25.14,251400.0,XIU,7.0,,,,,,,,,,,,,,
2020-01-30 09:39:17.744000000,Add Order,1580395157744000000,A,71342,B,2000.0,25.15,251500.0,XIU,7.0,,,,,,,,,,,,,,
2020-01-30 09:39:19.316000000,Add Order,1580395159316000000,A,71342,B,2000.0,25.14,251400.0,XIU,7.0,,,,,,,,,,,,,,
2020-01-30 09:39:19.470000000,Add Order,1580395159470000000,A,71342,B,2000.0,25.15,251500.0,XIU,7.0,,,,,,,,,,,,,,
2020-01-30 09:39:22.415000000,Add Order,1580395162415000000,A,71342,B,2000.0,25.14,251400.0,XIU,7.0,,,,,,,,,,,,,,
2020-01-30 09:39:26.303000000,Add Order,1580395166303000000,A,71342,B,2000.0,25.15,251500.0,XIU,7.0,,,,,,,,,,,,,,
2020-01-30 09:39:27.630000000,Add Order,1580395167630000000,A,71342,B,2000.0,25.14,251400.0,XIU,7.0,,,,,,,,,,,,,,
2020-01-30 09:39:28.080000000,Add Order,1580395168080000000,A,71342,B,2000.0,25.15,251500.0,XIU,7.0,,,,,,,,,,,,,,
2020-01-30 09:39:28.730000000,Add Order,1580395168730000000,A,71342,B,2000.0,25.14,251400.0,XIU,7.0,,,,,,,,,,,,,,
2020-01-30 09:39:28.913000000,Add Order,1580395168913000000,A,71342,B,2000.0,25.15,251500.0,XIU,7.0,,,,,,,,,,,,,,
2020-01-30 09:39:28.958000000,Add Order,1580395168958000000,A,71342,B,2000.0,25.14,251400.0,XIU,7.0,,,,,,,,,,,,,,
2020-01-30 09:39:31.609000000,Add Order,1580395171609000000,A,71342,B,2000.0,25.15,251500.0,XIU,7.0,,,,,,,,,,,,,,
2020-01-30 09:39:31.814000000,Add Order,1580395171814000000,A,71342,B,2000.0,25.14,251400.0,XIU,7.0,,,,,,,,,,,,,,
2020-01-30 09:39:31.960000000,Add Order,1580395171960000000,A,71342,B,2000.0,25.15,251500.0,XIU,7.0,,,,,,,,,,,,,,
2020-01-30 09:39:33.661000000,Add Order,1580395173661000000,A,71342,B,2000.0,25.14,251400.0,XIU,7.0,,,,,,,,,,,,,,
2020-01-30 09:39:33.691000000,Add Order,1580395173691000000,A,71342,B,2000.0,25.15,251500.0,XIU,7.0,,,,,,,,,,,,,,
2020-01-30 09:39:34.814000000,Add Order,1580395174814000000,A,71342,B,2000.0,25.14,251400.0,XIU,7.0,,,,,,,,,,,,,,
2020-01-30 09:39:37.567000000,Add Order,1580395177567000000,A,71342,B,2000.0,25.15,251500.0,XIU,7.0,,,,,,,,,,,,,,
2020-01-30 09:39:40.416000000,Add Order,1580395180416000000,A,71342,B,2000.0,25.14,251400.0,XIU,7.0,,,,,,,,,,,,,,
2020-01-30 09:39:42.060000000,Add Order,1580395182060000000,A,71342,B,2000.0,25.15,251500.0,XIU,7.0,,,,,,,,,,,,,,
2020-01-30 09:39:43.228000000,Add Order,1580395183228000000,A,71342,B,2000.0,25.14,251400.0,XIU,7.0,,,,,,,,,,,,,,
2020-01-30 09:39:43.625000000,Add Order,1580395183625000000,A,71351,S,2000.0,25.18,251800.0,XIU,7.0,,,,,,,,,,,,,,
2020-01-30 09:39:43.639000000,Add Order,1580395183639000000,A,71351,S,2000.0,25.19,251900.0,XIU,7.0,,,,,,,,,,,,,,
2020-01-30 09:39:44.164000000,Add Order,1580395184164000000,A,71351,S,2000.0,25.18,251800.0,XIU,7.0,,,,,,,,,,,,,,
2020-01-30 09:39:45.744000000,Add Order,1580395185744000000,A,71351,S,2000.0,25.19,251900.0,XIU,7.0,,,,,,,,,,,,,,
2020-01-30 09:39:47.202000000,Add Order,1580395187202000000,A,71351,S,2000.0,25.18,251800.0,XIU,7.0,,,,,,,,,,,,,,
2020-01-30 09:39:52.961000000,Add Order,1580395192961000000,A,71342,B,2000.0,25.15,251500.0,XIU,7.0,,,,,,,,,,,,,,
2020-01-30 09:39:56.626000000,Add Order,1580395196626000000,A,71351,S,2000.0,25.19,251900.0,XIU,7.0,,,,,,,,,,,,,,
2020-01-30 09:39:57.362000000,Add Order,1580395197362000000,A,71342,B,2000.0,25.14,251400.0,XIU,7.0,,,,,,,,,,,,,,
2020-01-30 09:39:58.034000000,Add Order,1580395198034000000,A,71342,B,2000.0,25.15,251500.0,XIU,7.0,,,,,,,,,,,,,,
2020-01-30 09:39:58.669000000,Add Order,1580395198669000000,A,71342,B,2000.0,25.14,251400.0,XIU,7.0,,,,,,,,,,,,,,
2020-01-30 09:40:01.859000000,Add Order,1580395201859000000,A,71342,B,2000.0,25.15,251500.0,XIU,7.0,,,,,,,,,,,,,,
2020-01-30 09:40:17.944000000,Add Order,1580395217944000000,A,71342,B,2000.0,25.14,251400.0,XIU,7.0,,,,,,,,,,,,,,
2020-01-30 09:40:18.491000000,Add Order,1580395218491000000,A,71351,S,2000.0,25.18,251800.0,XIU,7.0,,,,,,,,,,,,,,
2020-01-30 09:40:18.594000000,Add Order,1580395218594000000,A,71351,S,2000.0,25.19,251900.0,XIU,7.0,,,,,,,,,,,,,,
2020-01-30 09:40:18.735000000,Add Order,1580395218735000000,A,71351,S,2000.0,25.18,251800.0,XIU,7.0,,,,,,,,,,,,,,
2020-01-30 09:40:24.689000000,Add Order,1580395224689000000,A,71351,S,2000.0,25.19,251900.0,XIU,7.0,,,,,,,,,,,,,,
2020-01-30 09:40:24.884000000,Add Order,1580395224884000000,A,71351,S,2000.0,25.18,251800.0,XIU,7.0,,,,,,,,,,,,,,
2020-01-30 09:40:31.238000000,Add Order,1580395231238000000,A,71351,S,2000.0,25.17,251700.0,XIU,7.0,,,,,,,,,,,,,,
2020-01-30 09:40:31.734000000,Add Order,1580395231734000000,A,71351,S,2000.0,25.18,251800.0,XIU,7.0,,,,,,,,,,,,,,
2020-01-30 09:40:31.745000000,Add Order,1580395231745000000,A,71351,S,2000.0,25.17,251700.0,XIU,7.0,,,,,,,,,,,,,,
2020-01-30 09:40:31.930000000,Add Order,1580395231930000000,A,71351,S,2000.0,25.18,251800.0,XIU,7.0,,,,,,,,,,,,,,
2020-01-30 09:40:34.364000000,Add Order,1580395234364000000,A,71351,S,2000.0,25.17,251700.0,XIU,7.0,,,,,,,,,,,,,,
2020-01-30 09:40:34.781000000,Add Order,1580395234781000000,A,71351,S,2000.0,25.18,251800.0,XIU,7.0,,,,,,,,,,,,,,
2020-01-30 09:40:34.787000000,Add Order,1580395234787000000,A,71351,S,2000.0,25.17,251700.0,XIU,7.0,,,,,,,,,,,,,,
2020-01-30 09:40:34.834000000,Add Order,1580395234834000000,A,71351,S,2000.0,25.18,251800.0,XIU,7.0,,,,,,,,,,,,,,
2020-01-30 09:40:35.252000000,Add Order,1580395235252000000,A,71351,S,2000.0,25.17,251700.0,XIU,7.0,,,,,,,,,,,,,,
2020-01-30 09:40:35.763000000,Add Order,1580395235763000000,A,71351,S,2000.0,25.18,251800.0,XIU,7.0,,,,,,,,,,,,,,
2020-01-30 09:40:36.246000000,Add Order,1580395236246000000,A,71351,S,2000.0,25.17,251700.0,XIU,7.0,,,,,,,,,,,,,,
2020-01-30 09:40:38.171000000,Add Order,1580395238171000000,A,71351,S,2000.0,25.18,251800.0,XIU,7.0,,,,,,,,,,,,,,
2020-01-30 09:40:49.254000000,Add Order,1580395249254000000,A,71351,S,2000.0,25.17,251700.0,XIU,7.0,,,,,,,,,,,,,,
2020-01-30 09:40:49.681000000,Add Order,1580395249681000000,A,71351,S,2000.0,25.18,251800.0,XIU,7.0,,,,,,,,,,,,,,
2020-01-30 09:40:49.921000000,Add Order,1580395249921000000,A,71351,S,2000.0,25.17,251700.0,XIU,7.0,,,,,,,,,,,,,,
2020-01-30 09:40:51.154000000,Add Order,1580395251154000000,A,71342,B,2000.0,25.13,251300.0,XIU,7.0,,,,,,,,,,,,,,
2020-01-30 09:40:52.564000000,Add Order,1580395252564000000,A,71351,S,2000.0,25.16,251600.0,XIU,7.0,,,,,,,,,,,,,,
2020-01-30 09:40:54.175000000,Add Order,1580395254175000000,A,71351,S,2000.0,25.17,251700.0,XIU,7.0,,,,,,,,,,,,,,
2020-01-30 09:40:54.533000000,Add Order,1580395254533000000,A,71342,B,2000.0,25.14,251400.0,XIU,7.0,,,,,,,,,,,,,,
2020-01-30 09:40:55.209000000,Add Order,1580395255209000000,A,71342,B,2000.0,25.13,251300.0,XIU,7.0,,,,,,,,,,,,,,
2020-01-30 09:40:55.223000000,Add Order,1580395255223000000,A,71342,B,2000.0,25.14,251400.0,XIU,7.0,,,,,,,,,,,,,,
2020-01-30 09:40:55.650000000,Add Order,1580395255650000000,A,71342,B,2000.0,25.13,251300.0,XIU,7.0,,,,,,,,,,,,,,
2020-01-30 09:40:55.718000000,Add Order,1580395255718000000,A,71342,B,2000.0,25.14,251400.0,XIU,7.0,,,,,,,,,,,,,,
2020-01-30 09:40:56.304000000,Add Order,1580395256304000000,A,71342,B,2000.0,25.13,251300.0,XIU,7.0,,,,,,,,,,,,,,
2020-01-30 09:40:56.319000000,Add Order,1580395256319000000,A,71342,B,2000.0,25.14,251400.0,XIU,7.0,,,,,,,,,,,,,,
2020-01-30 09:41:02.553000000,Add Order,1580395262553000000,A,71351,S,2000.0,25.18,251800.0,XIU,7.0,,,,,,,,,,,,,,
2020-01-30 09:41:02.718000000,Add Order,1580395262718000000,A,71351,S,2000.0,25.17,251700.0,XIU,7.0,,,,,,,,,,,,,,
2020-01-30 09:41:02.990000000,Add Order,1580395262990000000,A,71351,S,2000.0,25.18,251800.0,XIU,7.0,,,,,,,,,,,,,,
2020-01-30 09:41:03.363000000,Add Order,1580395263363000000,A,71351,S,2000.0,25.17,251700.0,XIU,7.0,,,,,,,,,,,,,,
2020-01-30 09:41:08.632000000,Add Order,1580395268632000000,A,71342,B,2000.0,25.13,251300.0,XIU,7.0,,,,,,,,,,,,,,
2020-01-30 09:41:09.407000000,Add Order,1580395269407000000,A,71342,B,2000.0,25.14,251400.0,XIU,7.0,,,,,,,,,,,,,,
2020-01-30 09:41:09.653000000,Add Order,1580395269653000000,A,71342,B,2000.0,25.13,251300.0,XIU,7.0,,,,,,,,,,,,,,
2020-01-30 09:41:09.710000000,Add Order,1580395269710000000,A,71342,B,2000.0,25.14,251400.0,XIU,7.0,,,,,,,,,,,,,,
2020-01-30 09:41:10.669000000,Add Order,1580395270669000000,A,71342,B,2000.0,25.13,251300.0,XIU,7.0,,,,,,,,,,,,,,
2020-01-30 09:41:10.786000000,Add Order,1580395270786000000,A,71342,B,2000.0,25.14,251400.0,XIU,7.0,,,,,,,,,,,,,,
2020-01-30 09:41:10.841000000,Add Order,1580395270841000000,A,71351,S,2000.0,25.18,251800.0,XIU,7.0,,,,,,,,,,,,,,
2020-01-30 09:41:10.914000000,Add Order,1580395270914000000,A,71351,S,2000.0,25.17,251700.0,XIU,7.0,,,,,,,,,,,,,,
2020-01-30 09:41:11.037000000,Add Order,1580395271037000000,A,71351,S,2000.0,25.18,251800.0,XIU,7.0,,,,,,,,,,,,,,
2020-01-30 09:41:11.059000000,Add Order,1580395271059000000,A,71351,S,2000.0,25.17,251700.0,XIU,7.0,,,,,,,,,,,,,,
2020-01-30 09:41:11.435000000,Add Order,1580395271435000000,A,71351,S,2000.0,25.18,251800.0,XIU,7.0,,,,,,,,,,,,,,
2020-01-30 09:41:11.452000000,Add Order,1580395271452000000,A,71351,S,2000.0,25.17,251700.0,XIU,7.0,,,,,,,,,,,,,,
2020-01-30 09:41:11.552000000,Add Order,1580395271552000000,A,71351,S,2000.0,25.18,251800.0,XIU,7.0,,,,,,,,,,,,,,
2020-01-30 09:41:11.684000000,Add Order,1580395271684000000,A,71351,S,2000.0,25.17,251700.0,XIU,7.0,,,,,,,,,,,,,,
2020-01-30 09:41:12.691000000,Add Order,1580395272691000000,A,71351,S,2000.0,25.18,251800.0,XIU,7.0,,,,,,,,,,,,,,
2020-01-30 09:41:12.864000000,Add Order,1580395272864000000,A,71351,S,2000.0,25.17,251700.0,XIU,7.0,,,,,,,,,,,,,,
2020-01-30 09:41:13.245000000,Add Order,1580395273245000000,A,71351,S,2000.0,25.18,251800.0,XIU,7.0,,,,,,,,,,,,,,
2020-01-30 09:41:13.446000000,Add Order,1580395273446000000,A,71351,S,2000.0,25.17,251700.0,XIU,7.0,,,,,,,,,,,,,,
2020-01-30 09:41:13.697000000,Add Order,1580395273697000000,A,71351,S,2000.0,25.18,251800.0,XIU,7.0,,,,,,,,,,,,,,
2020-01-30 09:41:13.707000000,Add Order,1580395273707000000,A,71351,S,2000.0,25.17,251700.0,XIU,7.0,,,,,,,,,,,,,,
2020-01-30 09:41:13.758000000,Add Order,1580395273758000000,A,71351,S,2000.0,25.18,251800.0,XIU,7.0,,,,,,,,,,,,,,
2020-01-30 09:41:13.921000000,Add Order,1580395273921000000,A,71351,S,2000.0,25.17,251700.0,XIU,7.0,,,,,,,,,,,,,,
2020-01-30 09:41:14.258000000,Add Order,1580395274258000000,A,71351,S,2000.0,25.18,251800.0,XIU,7.0,,,,,,,,,,,,,,
2020-01-30 09:41:14.457000000,Add Order,1580395274457000000,A,71351,S,2000.0,25.17,251700.0,XIU,7.0,,,,,,,,,,,,,,
2020-01-30 09:41:14.580000000,Add Order,1580395274580000000,A,71351,S,2000.0,25.18,251800.0,XIU,7.0,,,,,,,,,,,,,,
2020-01-30 09:41:14.713000000,Add Order,1580395274713000000,A,71351,S,2000.0,25.17,251700.0,XIU,7.0,,,,,,,,,,,,,,
2020-01-30 09:41:15.480000000,Add Order,1580395275480000000,A,71351,S,2000.0,25.18,251800.0,XIU,7.0,,,,,,,,,,,,,,
2020-01-30 09:41:15.569000000,Add Order,1580395275569000000,A,71351,S,2000.0,25.17,251700.0,XIU,7.0,,,,,,,,,,,,,,
2020-01-30 09:41:16.187000000,Add Order,1580395276187000000,A,71351,S,2000.0,25.18,251800.0,XIU,7.0,,,,,,,,,,,,,,
2020-01-30 09:41:16.299000000,Add Order,1580395276299000000,A,71351,S,2000.0,25.17,251700.0,XIU,7.0,,,,,,,,,,,,,,
2020-01-30 09:41:16.737000000,Add Order,1580395276737000000,A,71351,S,2000.0,25.18,251800.0,XIU,7.0,,,,,,,,,,,,,,
2020-01-30 09:41:18.157000000,Add Order,1580395278157000000,A,71351,S,2000.0,25.17,251700.0,XIU,7.0,,,,,,,,,,,,,,
2020-01-30 09:41:19.707000000,Add Order,1580395279707000000,A,71351,S,2000.0,25.18,251800.0,XIU,7.0,,,,,,,,,,,,,,
2020-01-30 09:41:20.100000000,Add Order,1580395280100000000,A,71351,S,2000.0,25.17,251700.0,XIU,7.0,,,,,,,,,,,,,,
2020-01-30 09:41:20.108000000,Add Order,1580395280108000000,A,71351,S,2000.0,25.18,251800.0,XIU,7.0,,,,,,,,,,,,,,
2020-01-30 09:41:20.517000000,Add Order,1580395280517000000,A,71342,B,2000.0,25.15,251500.0,XIU,7.0,,,,,,,,,,,,,,
2020-01-30 09:41:21.206000000,Add Order,1580395281206000000,A,71342,B,2000.0,25.14,251400.0,XIU,7.0,,,,,,,,,,,,,,
2020-01-30 09:41:21.523000000,Add Order,1580395281523000000,A,71342,B,2000.0,25.15,251500.0,XIU,7.0,,,,,,,,,,,,,,
2020-01-30 09:41:21.646000000,Add Order,1580395281646000000,A,71342,B,2000.0,25.14,251400.0,XIU,7.0,,,,,,,,,,,,,,
2020-01-30 09:41:21.721000000,Add Order,1580395281721000000,A,71342,B,2000.0,25.15,251500.0,XIU,7.0,,,,,,,,,,,,,,
2020-01-30 09:41:21.893000000,Add Order,1580395281893000000,A,71342,B,2000.0,25.14,251400.0,XIU,7.0,,,,,,,,,,,,,,
2020-01-30 09:41:22.271000000,Add Order,1580395282271000000,A,71342,B,2000.0,25.15,251500.0,XIU,7.0,,,,,,,,,,,,,,
2020-01-30 09:41:25.759000000,Add Order,1580395285759000000,A,71342,B,2000.0,25.14,251400.0,XIU,7.0,,,,,,,,,,,,,,
2020-01-30 09:41:26.545000000,Add Order,1580395286545000000,A,71351,S,2000.0,25.17,251700.0,XIU,7.0,,,,,,,,,,,,,,
2020-01-30 09:41:28.217000000,Add Order,1580395288217000000,A,71342,B,2000.0,25.13,251300.0,XIU,7.0,,,,,,,,,,,,,,
2020-01-30 09:41:28.968000000,Add Order,1580395288968000000,A,71342,B,2000.0,25.14,251400.0,XIU,7.0,,,,,,,,,,,,,,
2020-01-30 09:41:31.472000000,Add Order,1580395291472000000,A,71351,S,2000.0,25.18,251800.0,XIU,7.0,,,,,,,,,,,,,,
2020-01-30 09:41:31.727000000,Add Order,1580395291727000000,A,71351,S,2000.0,25.17,251700.0,XIU,7.0,,,,,,,,,,,,,,
2020-01-30 09:41:39.142000000,Add Order,1580395299142000000,A,71342,B,2000.0,25.13,251300.0,XIU,7.0,,,,,,,,,,,,,,
2020-01-30 09:41:40.435000000,Add Order,1580395300435000000,A,71351,S,2000.0,25.16,251600.0,XIU,7.0,,,,,,,,,,,,,,
2020-01-30 09:41:40.639000000,Add Order,1580395300639000000,A,71351,S,2000.0,25.17,251700.0,XIU,7.0,,,,,,,,,,,,,,
2020-01-30 09:41:41.025000000,Add Order,1580395301025000000,A,71342,B,2000.0,25.14,251400.0,XIU,7.0,,,,,,,,,,,,,,
2020-01-30 09:41:41.025000000,Add Order,1580395301025000000,A,71351,S,2000.0,25.16,251600.0,XIU,7.0,,,,,,,,,,,,,,
2020-01-30 09:41:42.203000000,Add Order,1580395302203000000,A,71342,B,2000.0,25.13,251300.0,XIU,7.0,,,,,,,,,,,,,,
2020-01-30 09:41:42.263000000,Add Order,1580395302263000000,A,71351,S,2000.0,25.17,251700.0,XIU,7.0,,,,,,,,,,,,,,
2020-01-30 09:41:42.271000000,Add Order,1580395302271000000,A,71351,S,2000.0,25.16,251600.0,XIU,7.0,,,,,,,,,,,,,,
2020-01-30 09:41:44.451000000,Add Order,1580395304451000000,A,71351,S,2000.0,25.17,251700.0,XIU,7.0,,,,,,,,,,,,,,
2020-01-30 09:41:44.481000000,Add Order,1580395304481000000,A,71351,S,2000.0,25.16,251600.0,XIU,7.0,,,,,,,,,,,,,,
2020-01-30 09:41:44.524000000,Add Order,1580395304524000000,A,71351,S,2000.0,25.17,251700.0,XIU,7.0,,,,,,,,,,,,,,
2020-01-30 09:41:44.636000000,Add Order,1580395304636000000,A,71351,S,2000.0,25.16,251600.0,XIU,7.0,,,,,,,,,,,,,,
2020-01-30 09:41:52.126000000,Add Order,1580395312126000000,A,71351,S,2000.0,25.17,251700.0,XIU,7.0,,,,,,,,,,,,,,
2020-01-30 09:41:52.129000000,Add Order,1580395312129000000,A,71342,B,2000.0,25.14,251400.0,XIU,7.0,,,,,,,,,,,,,,
2020-01-30 09:41:53.133000000,Add Order,1580395313133000000,A,71342,B,2000.0,25.13,251300.0,XIU,7.0,,,,,,,,,,,,,,
2020-01-30 09:41:53.681000000,Add Order,1580395313681000000,A,71342,B,2000.0,25.14,251400.0,XIU,7.0,,,,,,,,,,,,,,
2020-01-30 09:41:56.567000000,Add Order,1580395316567000000,A,71342,B,2000.0,25.13,251300.0,XIU,7.0,,,,,,,,,,,,,,
2020-01-30 09:41:56.572000000,Add Order,1580395316572000000,A,71351,S,2000.0,25.16,251600.0,XIU,7.0,,,,,,,,,,,,,,
2020-01-30 09:41:57.013000000,Add Order,1580395317013000000,A,71351,S,2000.0,25.17,251700.0,XIU,7.0,,,,,,,,,,,,,,
2020-01-30 09:41:57.175000000,Add Order,1580395317175000000,A,71351,S,2000.0,25.16,251600.0,XIU,7.0,,,,,,,,,,,,,,
2020-01-30 09:41:58.511000000,Add Order,1580395318511000000,A,71351,S,2000.0,25.17,251700.0,XIU,7.0,,,,,,,,,,,,,,
2020-01-30 09:41:58.789000000,Add Order,1580395318789000000,A,71342,B,2000.0,25.14,251400.0,XIU,7.0,,,,,,,,,,,,,,
2020-01-30 09:41:58.974000000,Add Order,1580395318974000000,A,71342,B,2000.0,25.13,251300.0,XIU,7.0,,,,,,,,,,,,,,
2020-01-30 09:41:59.044000000,Add Order,1580395319044000000,A,71342,B,2000.0,25.14,251400.0,XIU,7.0,,,,,,,,,,,,,,
2020-01-30 09:42:16.534000000,Add Order,1580395336534000000,A,71351,S,2000.0,25.18,251800.0,XIU,7.0,,,,,,,,,,,,,,
2020-01-30 09:42:16.639000000,Add Order,1580395336639000000,A,71351,S,2000.0,25.17,251700.0,XIU,7.0,,,,,,,,,,,,,,
2020-01-30 09:42:25.265000000,Add Order,1580395345265000000,A,71342,B,2000.0,25.13,251300.0,XIU,7.0,,,,,,,,,,,,,,
2020-01-30 09:42:25.377000000,Add Order,1580395345377000000,A,71342,B,2000.0,25.14,251400.0,XIU,7.0,,,,,,,,,,,,,,
2020-01-30 09:42:25.443000000,Add Order,1580395345443000000,A,71342,B,2000.0,25.13,251300.0,XIU,7.0,,,,,,,,,,,,,,
2020-01-30 09:42:25.744000000,Add Order,1580395345744000000,A,71342,B,2000.0,25.14,251400.0,XIU,7.0,,,,,,,,,,,,,,
2020-01-30 09:42:25.947000000,Add Order,1580395345947000000,A,71342,B,2000.0,25.13,251300.0,XIU,7.0,,,,,,,,,,,,,,
2020-01-30 09:42:26.254000000,Add Order,1580395346254000000,A,71351,S,2000.0,25.16,251600.0,XIU,7.0,,,,,,,,,,,,,,
2020-01-30 09:42:39.325000000,Add Order,1580395359325000000,A,71342,B,2000.0,25.12,251200.0,XIU,7.0,,,,,,,,,,,,,,
2020-01-30 09:42:39.417000000,Add Order,1580395359417000000,A,71342,B,2000.0,25.13,251300.0,XIU,7.0,,,,,,,,,,,,,,
2020-01-30 09:42:41.651000000,Add Order,1580395361651000000,A,71342,B,2000.0,25.12,251200.0,XIU,7.0,,,,,,,,,,,,,,
2020-01-30 09:42:41.706000000,Add Order,1580395361706000000,A,71342,B,2000.0,25.13,251300.0,XIU,7.0,,,,,,,,,,,,,,
2020-01-30 09:42:49.336000000,Add Order,1580395369336000000,A,71342,B,2000.0,25.12,251200.0,XIU,7.0,,,,,,,,,,,,,,
2020-01-30 09:42:49.947000000,Add Order,1580395369947000000,A,71342,B,2000.0,25.13,251300.0,XIU,7.0,,,,,,,,,,,,,,
2020-01-30 09:42:50.084000000,Add Order,1580395370084000000,A,71342,B,2000.0,25.12,251200.0,XIU,7.0,,,,,,,,,,,,,,
2020-01-30 09:42:50.113000000,Add Order,1580395370113000000,A,71351,S,2000.0,25.15,251500.0,XIU,7.0,,,,,,,,,,,,,,
2020-01-30 09:42:50.222000000,Add Order,1580395370222000000,A,71351,S,2000.0,25.16,251600.0,XIU,7.0,,,,,,,,,,,,,,
2020-01-30 09:42:50.309000000,Add Order,1580395370309000000,A,71351,S,2000.0,25.15,251500.0,XIU,7.0,,,,,,,,,,,,,,
2020-01-30 09:42:51.042000000,Add Order,1580395371042000000,A,71351,S,2000.0,25.16,251600.0,XIU,7.0,,,,,,,,,,,,,,
2020-01-30 09:42:51.061000000,Add Order,1580395371061000000,A,71342,B,2000.0,25.13,251300.0,XIU,7.0,,,,,,,,,,,,,,
2020-01-30 09:42:52.330000000,Add Order,1580395372330000000,A,71351,S,2000.0,25.15,251500.0,XIU,7.0,,,,,,,,,,,,,,
2020-01-30 09:42:52.833000000,Add Order,1580395372833000000,A,71342,B,2000.0,25.12,251200.0,XIU,7.0,,,,,,,,,,,,,,
2020-01-30 09:42:54.943000000,Add Order,1580395374943000000,A,71351,S,2000.0,25.16,251600.0,XIU,7.0,,,,,,,,,,,,,,
2020-01-30 09:42:54.944000000,Add Order,1580395374944000000,A,71342,B,2000.0,25.13,251300.0,XIU,7.0,,,,,,,,,,,,,,
2020-01-30 09:42:55.091000000,Add Order,1580395375091000000,A,71342,B,2000.0,25.12,251200.0,XIU,7.0,,,,,,,,,,,,,,
2020-01-30 09:42:55.175000000,Add Order,1580395375175000000,A,71342,B,2000.0,25.13,251300.0,XIU,7.0,,,,,,,,,,,,,,
2020-01-30 09:42:58.647000000,Add Order,1580395378647000000,A,71351,S,2000.0,25.15,251500.0,XIU,7.0,,,,,,,,,,,,,,
2020-01-30 09:42:59.082000000,Add Order,1580395379082000000,A,71351,S,2000.0,25.16,251600.0,XIU,7.0,,,,,,,,,,,,,,
2020-01-30 09:42:59.398000000,Add Order,1580395379398000000,A,71351,S,2000.0,25.15,251500.0,XIU,7.0,,,,,,,,,,,,,,
2020-01-30 09:42:59.474000000,Add Order,1580395379474000000,A,71342,B,2000.0,25.12,251200.0,XIU,7.0,,,,,,,,,,,,,,
2020-01-30 09:42:59.485000000,Add Order,1580395379485000000,A,71342,B,2000.0,25.13,251300.0,XIU,7.0,,,,,,,,,,,,,,
2020-01-30 09:42:59.519000000,Add Order,1580395379519000000,A,71342,B,2000.0,25.12,251200.0,XIU,7.0,,,,,,,,,,,,,,
2020-01-30 09:42:59.743000000,Add Order,1580395379743000000,A,71342,B,2000.0,25.13,251300.0,XIU,7.0,,,,,,,,,,,,,,
2020-01-30 09:42:59.860000000,Add Order,1580395379860000000,A,71342,B,2000.0,25.12,251200.0,XIU,7.0,,,,,,,,,,,,,,
2020-01-30 09:43:00.281000000,Add Order,1580395380281000000,A,71351,S,2000.0,25.16,251600.0,XIU,7.0,,,,,,,,,,,,,,
2020-01-30 09:43:00.333000000,Add Order,1580395380333000000,A,71351,S,2000.0,25.15,251500.0,XIU,7.0,,,,,,,,,,,,,,
2020-01-30 09:43:02.213000000,Add Order,1580395382213000000,A,71351,S,2000.0,25.16,251600.0,XIU,7.0,,,,,,,,,,,,,,
2020-01-30 09:43:02.217000000,Add Order,1580395382217000000,A,71342,B,2000.0,25.13,251300.0,XIU,7.0,,,,,,,,,,,,,,
2020-01-30 09:43:02.290000000,Add Order,1580395382290000000,A,71342,B,2000.0,25.12,251200.0,XIU,7.0,,,,,,,,,,,,,,
2020-01-30 09:43:02.290000000,Add Order,1580395382290000000,A,71351,S,2000.0,25.15,251500.0,XIU,7.0,,,,,,,,,,,,,,
2020-01-30 09:43:02.312000000,Add Order,1580395382312000000,A,71342,B,2000.0,25.13,251300.0,XIU,7.0,,,,,,,,,,,,,,
2020-01-30 09:43:02.354000000,Add Order,1580395382354000000,A,71342,B,2000.0,25.12,251200.0,XIU,7.0,,,,,,,,,,,,,,
2020-01-30 09:43:02.382000000,Add Order,1580395382382000000,A,71342,B,2000.0,25.13,251300.0,XIU,7.0,,,,,,,,,,,,,,
2020-01-30 09:43:02.417000000,Add Order,1580395382417000000,A,71342,B,2000.0,25.12,251200.0,XIU,7.0,,,,,,,,,,,,,,
2020-01-30 09:43:02.503000000,Add Order,1580395382503000000,A,71342,B,2000.0,25.13,251300.0,XIU,7.0,,,,,,,,,,,,,,
2020-01-30 09:43:02.618000000,Add Order,1580395382618000000,A,71342,B,2000.0,25.12,251200.0,XIU,7.0,,,,,,,,,,,,,,
2020-01-30 09:43:03.049000000,Add Order,1580395383049000000,A,71342,B,2000.0,25.13,251300.0,XIU,7.0,,,,,,,,,,,,,,
2020-01-30 09:43:03.539000000,Add Order,1580395383539000000,A,71351,S,2000.0,25.16,251600.0,XIU,7.0,,,,,,,,,,,,,,
2020-01-30 09:43:05.323000000,Add Order,1580395385323000000,A,71342,B,2000.0,25.12,251200.0,XIU,7.0,,,,,,,,,,,,,,
2020-01-30 09:43:05.368000000,Add Order,1580395385368000000,A,71342,B,2000.0,25.13,251300.0,XIU,7.0,,,,,,,,,,,,,,
2020-01-30 09:43:14.399000000,Add Order,1580395394399000000,A,71351,S,2000.0,25.17,251700.0,XIU,7.0,,,,,,,,,,,,,,
2020-01-30 09:43:14.555000000,Add Order,1580395394555000000,A,71351,S,2000.0,25.16,251600.0,XIU,7.0,,,,,,,,,,,,,,
2020-01-30 09:43:24.741000000,Add Order,1580395404741000000,A,71342,B,2000.0,25.14,251400.0,XIU,7.0,,,,,,,,,,,,,,
2020-01-30 09:43:24.912000000,Add Order,1580395404912000000,A,71342,B,2000.0,25.13,251300.0,XIU,7.0,,,,,,,,,,,,,,
2020-01-30 09:43:25.044000000,Add Order,1580395405044000000,A,71342,B,2000.0,25.14,251400.0,XIU,7.0,,,,,,,,,,,,,,
2020-01-30 09:43:25.758000000,Add Order,1580395405758000000,A,71351,S,2000.0,25.17,251700.0,XIU,7.0,,,,,,,,,,,,,,
2020-01-30 09:43:26.851000000,Add Order,1580395406851000000,A,71342,B,2000.0,25.13,251300.0,XIU,7.0,,,,,,,,,,,,,,
2020-01-30 09:43:26.876000000,Add Order,1580395406876000000,A,71351,S,2000.0,25.16,251600.0,XIU,7.0,,,,,,,,,,,,,,
2020-01-30 09:43:26.961000000,Add Order,1580395406961000000,A,71351,S,2000.0,25.17,251700.0,XIU,7.0,,,,,,,,,,,,,,
2020-01-30 09:43:27.101000000,Add Order,1580395407101000000,A,71351,S,2000.0,25.16,251600.0,XIU,7.0,,,,,,,,,,,,,,
2020-01-30 09:43:27.185000000,Add Order,1580395407185000000,A,71351,S,2000.0,25.17,251700.0,XIU,7.0,,,,,,,,,,,,,,
2020-01-30 09:43:27.378000000,Add Order,1580395407378000000,A,71351,S,2000.0,25.16,251600.0,XIU,7.0,,,,,,,,,,,,,,
2020-01-30 09:43:27.519000000,Add Order,1580395407519000000,A,71351,S,2000.0,25.17,251700.0,XIU,7.0,,,,,,,,,,,,,,
2020-01-30 09:43:27.536000000,Add Order,1580395407536000000,A,71351,S,2000.0,25.16,251600.0,XIU,7.0,,,,,,,,,,,,,,
2020-01-30 09:43:27.584000000,Add Order,1580395407584000000,A,71351,S,2000.0,25.17,251700.0,XIU,7.0,,,,,,,,,,,,,,
2020-01-30 09:43:27.686000000,Add Order,1580395407686000000,A,71351,S,2000.0,25.16,251600.0,XIU,7.0,,,,,,,,,,,,,,
2020-01-30 09:43:27.709000000,Add Order,1580395407709000000,A,71351,S,2000.0,25.17,251700.0,XIU,7.0,,,,,,,,,,,,,,
2020-01-30 09:43:27.805000000,Add Order,1580395407805000000,A,71351,S,2000.0,25.16,251600.0,XIU,7.0,,,,,,,,,,,,,,
2020-01-30 09:43:27.846000000,Add Order,1580395407846000000,A,71351,S,2000.0,25.17,251700.0,XIU,7.0,,,,,,,,,,,,,,
2020-01-30 09:43:27.922000000,Add Order,1580395407922000000,A,71351,S,2000.0,25.16,251600.0,XIU,7.0,,,,,,,,,,,,,,
2020-01-30 09:43:27.966000000,Add Order,1580395407966000000,A,71351,S,2000.0,25.17,251700.0,XIU,7.0,,,,,,,,,,,,,,
2020-01-30 09:43:28.173000000,Add Order,1580395408173000000,A,71351,S,2000.0,25.16,251600.0,XIU,7.0,,,,,,,,,,,,,,
2020-01-30 09:43:28.804000000,Add Order,1580395408804000000,A,71351,S,2000.0,25.17,251700.0,XIU,7.0,,,,,,,,,,,,,,
2020-01-30 09:43:28.913000000,Add Order,1580395408913000000,A,71351,S,2000.0,25.16,251600.0,XIU,7.0,,,,,,,,,,,,,,
2020-01-30 09:43:29.114000000,Add Order,1580395409114000000,A,71351,S,2000.0,25.17,251700.0,XIU,7.0,,,,,,,,,,,,,,
2020-01-30 09:43:29.167000000,Add Order,1580395409167000000,A,71351,S,2000.0,25.16,251600.0,XIU,7.0,,,,,,,,,,,,,,
2020-01-30 09:43:29.299000000,Add Order,1580395409299000000,A,71351,S,2000.0,25.17,251700.0,XIU,7.0,,,,,,,,,,,,,,
2020-01-30 09:43:29.551000000,Add Order,1580395409551000000,A,71351,S,2000.0,25.16,251600.0,XIU,7.0,,,,,,,,,,,,,,
2020-01-30 09:43:29.773000000,Add Order,1580395409773000000,A,71351,S,2000.0,25.17,251700.0,XIU,7.0,,,,,,,,,,,,,,
2020-01-30 09:43:29.887000000,Add Order,1580395409887000000,A,71351,S,2000.0,25.16,251600.0,XIU,7.0,,,,,,,,,,,,,,
2020-01-30 09:43:30.114000000,Add Order,1580395410114000000,A,71351,S,2000.0,25.17,251700.0,XIU,7.0,,,,,,,,,,,,,,
2020-01-30 09:43:30.391000000,Add Order,1580395410391000000,A,71351,S,2000.0,25.16,251600.0,XIU,7.0,,,,,,,,,,,,,,
2020-01-30 09:43:30.458000000,Add Order,1580395410458000000,A,71342,B,2000.0,25.14,251400.0,XIU,7.0,,,,,,,,,,,,,,
2020-01-30 09:43:30.489000000,Add Order,1580395410489000000,A,71342,B,2000.0,25.13,251300.0,XIU,7.0,,,,,,,,,,,,,,
2020-01-30 09:43:30.489000000,Add Order,1580395410489000000,A,71351,S,2000.0,25.17,251700.0,XIU,7.0,,,,,,,,,,,,,,
2020-01-30 09:43:30.592000000,Add Order,1580395410592000000,A,71351,S,2000.0,25.16,251600.0,XIU,7.0,,,,,,,,,,,,,,
2020-01-30 09:43:30.624000000,Add Order,1580395410624000000,A,71351,S,2000.0,25.17,251700.0,XIU,7.0,,,,,,,,,,,,,,
2020-01-30 09:43:30.629000000,Add Order,1580395410629000000,A,71351,S,2000.0,25.16,251600.0,XIU,7.0,,,,,,,,,,,,,,
2020-01-30 09:43:30.656000000,Add Order,1580395410656000000,A,71351,S,2000.0,25.17,251700.0,XIU,7.0,,,,,,,,,,,,,,
2020-01-30 09:43:30.781000000,Add Order,1580395410781000000,A,71351,S,2000.0,25.16,251600.0,XIU,7.0,,,,,,,,,,,,,,
2020-01-30 09:43:30.831000000,Add Order,1580395410831000000,A,71342,B,2000.0,25.14,251400.0,XIU,7.0,,,,,,,,,,,,,,
2020-01-30 09:43:31.011000000,Add Order,1580395411011000000,A,71351,S,2000.0,25.17,251700.0,XIU,7.0,,,,,,,,,,,,,,
2020-01-30 09:43:31.927000000,Add Order,1580395411927000000,A,71342,B,2000.0,25.13,251300.0,XIU,7.0,,,,,,,,,,,,,,
2020-01-30 09:43:31.961000000,Add Order,1580395411961000000,A,71351,S,2000.0,25.16,251600.0,XIU,7.0,,,,,,,,,,,,,,
2020-01-30 09:43:32.039000000,Add Order,1580395412039000000,A,71351,S,2000.0,25.17,251700.0,XIU,7.0,,,,,,,,,,,,,,
2020-01-30 09:43:32.057000000,Add Order,1580395412057000000,A,71351,S,2000.0,25.16,251600.0,XIU,7.0,,,,,,,,,,,,,,
2020-01-30 09:43:32.203000000,Add Order,1580395412203000000,A,71351,S,2000.0,25.17,251700.0,XIU,7.0,,,,,,,,,,,,,,
2020-01-30 09:43:32.312000000,Add Order,1580395412312000000,A,71351,S,2000.0,25.16,251600.0,XIU,7.0,,,,,,,,,,,,,,
2020-01-30 09:43:32.612000000,Add Order,1580395412612000000,A,71351,S,2000.0,25.17,251700.0,XIU,7.0,,,,,,,,,,,,,,
2020-01-30 09:43:32.670000000,Add Order,1580395412670000000,A,71351,S,2000.0,25.16,251600.0,XIU,7.0,,,,,,,,,,,,,,
2020-01-30 09:43:33.998000000,Add Order,1580395413998000000,A,71351,S,2000.0,25.17,251700.0,XIU,7.0,,,,,,,,,,,,,,
2020-01-30 09:43:34.031000000,Add Order,1580395414031000000,A,71351,S,2000.0,25.16,251600.0,XIU,7.0,,,,,,,,,,,,,,
2020-01-30 09:43:34.056000000,Add Order,1580395414056000000,A,71351,S,2000.0,25.17,251700.0,XIU,7.0,,,,,,,,,,,,,,
2020-01-30 09:43:34.125000000,Add Order,1580395414125000000,A,71351,S,2000.0,25.16,251600.0,XIU,7.0,,,,,,,,,,,,,,
2020-01-30 09:43:34.228000000,Add Order,1580395414228000000,A,71351,S,2000.0,25.17,251700.0,XIU,7.0,,,,,,,,,,,,,,
2020-01-30 09:43:34.367000000,Add Order,1580395414367000000,A,71351,S,2000.0,25.16,251600.0,XIU,7.0,,,,,,,,,,,,,,
2020-01-30 09:43:34.388000000,Add Order,1580395414388000000,A,71351,S,2000.0,25.17,251700.0,XIU,7.0,,,,,,,,,,,,,,
2020-01-30 09:43:34.435000000,Add Order,1580395414435000000,A,71342,B,2000.0,25.14,251400.0,XIU,7.0,,,,,,,,,,,,,,
2020-01-30 09:43:37.011000000,Add Order,1580395417011000000,A,71342,B,2000.0,25.13,251300.0,XIU,7.0,,,,,,,,,,,,,,
2020-01-30 09:43:37.016000000,Add Order,1580395417016000000,A,71351,S,2000.0,25.16,251600.0,XIU,7.0,,,,,,,,,,,,,,
2020-01-30 09:43:37.074000000,Add Order,1580395417074000000,A,71342,B,2000.0,25.14,251400.0,XIU,7.0,,,,,,,,,,,,,,
2020-01-30 09:43:37.074000000,Add Order,1580395417074000000,A,71351,S,2000.0,25.17,251700.0,XIU,7.0,,,,,,,,,,,,,,
2020-01-30 09:43:38.801000000,Add Order,1580395418801000000,A,71342,B,2000.0,25.13,251300.0,XIU,7.0,,,,,,,,,,,,,,
2020-01-30 09:43:38.820000000,Add Order,1580395418820000000,A,71351,S,2000.0,25.16,251600.0,XIU,7.0,,,,,,,,,,,,,,
2020-01-30 09:43:38.860000000,Add Order,1580395418860000000,A,71351,S,2000.0,25.17,251700.0,XIU,7.0,,,,,,,,,,,,,,
2020-01-30 09:43:39.030000000,Add Order,1580395419030000000,A,71351,S,2000.0,25.16,251600.0,XIU,7.0,,,,,,,,,,,,,,
2020-01-30 09:43:39.222000000,Add Order,1580395419222000000,A,71351,S,2000.0,25.17,251700.0,XIU,7.0,,,,,,,,,,,,,,
2020-01-30 09:43:39.232000000,Add Order,1580395419232000000,A,71342,B,2000.0,25.14,251400.0,XIU,7.0,,,,,,,,,,,,,,
2020-01-30 09:43:40.789000000,Add Order,1580395420789000000,A,71351,S,2000.0,25.16,251600.0,XIU,7.0,,,,,,,,,,,,,,
2020-01-30 09:43:40.860000000,Add Order,1580395420860000000,A,71342,B,2000.0,25.13,251300.0,XIU,7.0,,,,,,,,,,,,,,
2020-01-30 09:43:42.774000000,Add Order,1580395422774000000,A,71351,S,2000.0,25.17,251700.0,XIU,7.0,,,,,,,,,,,,,,
2020-01-30 09:43:42.779000000,Add Order,1580395422779000000,A,71351,S,2000.0,25.16,251600.0,XIU,7.0,,,,,,,,,,,,,,
2020-01-30 09:43:43.009000000,Add Order,1580395423009000000,A,71351,S,2000.0,25.17,251700.0,XIU,7.0,,,,,,,,,,,,,,
2020-01-30 09:43:43.470000000,Add Order,1580395423470000000,A,71351,S,2000.0,25.16,251600.0,XIU,7.0,,,,,,,,,,,,,,
2020-01-30 09:43:43.661000000,Add Order,1580395423661000000,A,71351,S,2000.0,25.17,251700.0,XIU,7.0,,,,,,,,,,,,,,
2020-01-30 09:43:43.662000000,Add Order,1580395423662000000,A,71342,B,2000.0,25.14,251400.0,XIU,7.0,,,,,,,,,,,,,,
2020-01-30 09:43:43.701000000,Add Order,1580395423701000000,A,71342,B,2000.0,25.13,251300.0,XIU,7.0,,,,,,,,,,,,,,
2020-01-30 09:43:43.793000000,Add Order,1580395423793000000,A,71351,S,2000.0,25.16,251600.0,XIU,7.0,,,,,,,,,,,,,,
2020-01-30 09:43:44.726000000,Add Order,1580395424726000000,A,71342,B,2000.0,25.14,251400.0,XIU,7.0,,,,,,,,,,,,,,
2020-01-30 09:43:44.801000000,Add Order,1580395424801000000,A,71351,S,2000.0,25.17,251700.0,XIU,7.0,,,,,,,,,,,,,,
2020-01-30 09:43:46.043000000,Add Order,1580395426043000000,A,71342,B,2000.0,25.13,251300.0,XIU,7.0,,,,,,,,,,,,,,
2020-01-30 09:43:46.406000000,Add Order,1580395426406000000,A,71342,B,2000.0,25.14,251400.0,XIU,7.0,,,,,,,,,,,,,,
2020-01-30 09:43:48.975000000,Add Order,1580395428975000000,A,71342,B,2000.0,25.13,251300.0,XIU,7.0,,,,,,,,,,,,,,
2020-01-30 09:43:49.058000000,Add Order,1580395429058000000,A,71342,B,2000.0,25.14,251400.0,XIU,7.0,,,,,,,,,,,,,,
2020-01-30 09:43:51.092000000,Add Order,1580395431092000000,A,71351,S,2000.0,25.16,251600.0,XIU,7.0,,,,,,,,,,,,,,
2020-01-30 09:43:51.348000000,Add Order,1580395431348000000,A,71342,B,2000.0,25.13,251300.0,XIU,7.0,,,,,,,,,,,,,,
2020-01-30 09:43:51.509000000,Add Order,1580395431509000000,A,71351,S,2000.0,25.17,251700.0,XIU,7.0,,,,,,,,,,,,,,
2020-01-30 09:43:51.573000000,Add Order,1580395431573000000,A,71342,B,2000.0,25.14,251400.0,XIU,7.0,,,,,,,,,,,,,,
2020-01-30 09:43:51.575000000,Add Order,1580395431575000000,A,71351,S,2000.0,25.16,251600.0,XIU,7.0,,,,,,,,,,,,,,
2020-01-30 09:43:51.772000000,Add Order,1580395431772000000,A,71351,S,2000.0,25.17,251700.0,XIU,7.0,,,,,,,,,,,,,,
2020-01-30 09:43:51.973000000,Add Order,1580395431973000000,A,71351,S,2000.0,25.16,251600.0,XIU,7.0,,,,,,,,,,,,,,
2020-01-30 09:43:51.994000000,Add Order,1580395431994000000,A,71351,S,2000.0,25.17,251700.0,XIU,7.0,,,,,,,,,,,,,,
2020-01-30 09:43:52.020000000,Add Order,1580395432020000000,A,71351,S,2000.0,25.16,251600.0,XIU,7.0,,,,,,,,,,,,,,
2020-01-30 09:43:52.310000000,Add Order,1580395432310000000,A,71351,S,2000.0,25.17,251700.0,XIU,7.0,,,,,,,,,,,,,,
2020-01-30 09:43:52.447000000,Add Order,1580395432447000000,A,71351,S,2000.0,25.16,251600.0,XIU,7.0,,,,,,,,,,,,,,
2020-01-30 09:43:52.570000000,Add Order,1580395432570000000,A,71351,S,2000.0,25.17,251700.0,XIU,7.0,,,,,,,,,,,,,,
2020-01-30 09:43:52.596000000,Add Order,1580395432596000000,A,71342,B,2000.0,25.13,251300.0,XIU,7.0,,,,,,,,,,,,,,
2020-01-30 09:43:52.597000000,Add Order,1580395432597000000,A,71351,S,2000.0,25.16,251600.0,XIU,7.0,,,,,,,,,,,,,,
2020-01-30 09:43:52.645000000,Add Order,1580395432645000000,A,71351,S,2000.0,25.17,251700.0,XIU,7.0,,,,,,,,,,,,,,
2020-01-30 09:43:52.775000000,Add Order,1580395432775000000,A,71351,S,2000.0,25.16,251600.0,XIU,7.0,,,,,,,,,,,,,,
2020-01-30 09:43:52.966000000,Add Order,1580395432966000000,A,71351,S,2000.0,25.17,251700.0,XIU,7.0,,,,,,,,,,,,,,
2020-01-30 09:43:53.575000000,Add Order,1580395433575000000,A,71351,S,2000.0,25.16,251600.0,XIU,7.0,,,,,,,,,,,,,,
2020-01-30 09:43:53.586000000,Add Order,1580395433586000000,A,71351,S,2000.0,25.17,251700.0,XIU,7.0,,,,,,,,,,,,,,
2020-01-30 09:43:53.699000000,Add Order,1580395433699000000,A,71351,S,2000.0,25.16,251600.0,XIU,7.0,,,,,,,,,,,,,,
2020-01-30 09:43:53.771000000,Add Order,1580395433771000000,A,71342,B,2000.0,25.14,251400.0,XIU,7.0,,,,,,,,,,,,,,
2020-01-30 09:43:53.771000000,Add Order,1580395433771000000,A,71351,S,2000.0,25.17,251700.0,XIU,7.0,,,,,,,,,,,,,,
2020-01-30 09:43:53.919000000,Add Order,1580395433919000000,A,71351,S,2000.0,25.16,251600.0,XIU,7.0,,,,,,,,,,,,,,
2020-01-30 09:43:53.966000000,Add Order,1580395433966000000,A,71351,S,2000.0,25.17,251700.0,XIU,7.0,,,,,,,,,,,,,,
2020-01-30 09:43:54.032000000,Add Order,1580395434032000000,A,71351,S,2000.0,25.16,251600.0,XIU,7.0,,,,,,,,,,,,,,
2020-01-30 09:43:54.093000000,Add Order,1580395434093000000,A,71351,S,2000.0,25.17,251700.0,XIU,7.0,,,,,,,,,,,,,,
2020-01-30 09:43:54.290000000,Add Order,1580395434290000000,A,71342,B,2000.0,25.13,251300.0,XIU,7.0,,,,,,,,,,,,,,
2020-01-30 09:43:54.291000000,Add Order,1580395434291000000,A,71351,S,2000.0,25.16,251600.0,XIU,7.0,,,,,,,,,,,,,,
2020-01-30 09:43:55.617000000,Add Order,1580395435617000000,A,71351,S,2000.0,25.17,251700.0,XIU,7.0,,,,,,,,,,,,,,
2020-01-30 09:43:55.979000000,Add Order,1580395435979000000,A,71351,S,2000.0,25.16,251600.0,XIU,7.0,,,,,,,,,,,,,,
2020-01-30 09:43:56.105000000,Add Order,1580395436105000000,A,71351,S,2000.0,25.17,251700.0,XIU,7.0,,,,,,,,,,,,,,
2020-01-30 09:43:56.776000000,Add Order,1580395436776000000,A,71351,S,2000.0,25.16,251600.0,XIU,7.0,,,,,,,,,,,,,,
2020-01-30 09:43:57.420000000,Add Order,1580395437420000000,A,71351,S,2000.0,25.17,251700.0,XIU,7.0,,,,,,,,,,,,,,
2020-01-30 09:43:57.428000000,Add Order,1580395437428000000,A,71342,B,2000.0,25.14,251400.0,XIU,7.0,,,,,,,,,,,,,,
2020-01-30 09:43:58.942000000,Add Order,1580395438942000000,A,71351,S,2000.0,25.16,251600.0,XIU,7.0,,,,,,,,,,,,,,
2020-01-30 09:43:58.958000000,Add Order,1580395438958000000,A,71342,B,2000.0,25.13,251300.0,XIU,7.0,,,,,,,,,,,,,,
2020-01-30 09:44:02.382000000,Add Order,1580395442382000000,A,71342,B,2000.0,25.12,251200.0,XIU,7.0,,,,,,,,,,,,,,
2020-01-30 09:44:02.890000000,Add Order,1580395442890000000,A,71342,B,2000.0,25.13,251300.0,XIU,7.0,,,,,,,,,,,,,,
2020-01-30 09:44:02.950000000,Add Order,1580395442950000000,A,71342,B,2000.0,25.12,251200.0,XIU,7.0,,,,,,,,,,,,,,
2020-01-30 09:44:02.950000000,Add Order,1580395442950000000,A,71351,S,2000.0,25.15,251500.0,XIU,7.0,,,,,,,,,,,,,,
2020-01-30 09:44:04.375000000,Add Order,1580395444375000000,A,71351,S,2000.0,25.16,251600.0,XIU,7.0,,,,,,,,,,,,,,
2020-01-30 09:44:04.442000000,Add Order,1580395444442000000,A,71351,S,2000.0,25.15,251500.0,XIU,7.0,,,,,,,,,,,,,,
2020-01-30 09:44:04.510000000,Add Order,1580395444510000000,A,71342,B,2000.0,25.13,251300.0,XIU,7.0,,,,,,,,,,,,,,
2020-01-30 09:44:04.510000000,Add Order,1580395444510000000,A,71351,S,2000.0,25.16,251600.0,XIU,7.0,,,,,,,,,,,,,,
2020-01-30 09:44:05.491000000,Add Order,1580395445491000000,A,71342,B,2000.0,25.12,251200.0,XIU,7.0,,,,,,,,,,,,,,
2020-01-30 09:44:05.523000000,Add Order,1580395445523000000,A,71342,B,2000.0,25.13,251300.0,XIU,7.0,,,,,,,,,,,,,,
2020-01-30 09:44:10.984000000,Add Order,1580395450984000000,A,71351,S,2000.0,25.17,251700.0,XIU,7.0,,,,,,,,,,,,,,
2020-01-30 09:44:11.053000000,Add Order,1580395451053000000,A,71351,S,2000.0,25.16,251600.0,XIU,7.0,,,,,,,,,,,,,,
2020-01-30 09:44:11.114000000,Add Order,1580395451114000000,A,71351,S,2000.0,25.17,251700.0,XIU,7.0,,,,,,,,,,,,,,
2020-01-30 09:44:11.182000000,Add Order,1580395451182000000,A,71351,S,2000.0,25.16,251600.0,XIU,7.0,,,,,,,,,,,,,,
2020-01-30 09:44:11.231000000,Add Order,1580395451231000000,A,71351,S,2000.0,25.17,251700.0,XIU,7.0,,,,,,,,,,,,,,
2020-01-30 09:44:11.374000000,Add Order,1580395451374000000,A,71351,S,2000.0,25.16,251600.0,XIU,7.0,,,,,,,,,,,,,,
2020-01-30 09:44:11.498000000,Add Order,1580395451498000000,A,71351,S,2000.0,25.17,251700.0,XIU,7.0,,,,,,,,,,,,,,
2020-01-30 09:44:11.561000000,Add Order,1580395451561000000,A,71351,S,2000.0,25.16,251600.0,XIU,7.0,,,,,,,,,,,,,,
2020-01-30 09:44:11.672000000,Add Order,1580395451672000000,A,71351,S,2000.0,25.17,251700.0,XIU,7.0,,,,,,,,,,,,,,
2020-01-30 09:44:11.777000000,Add Order,1580395451777000000,A,71342,B,2000.0,25.14,251400.0,XIU,7.0,,,,,,,,,,,,,,
2020-01-30 09:44:11.777000000,Add Order,1580395451777000000,A,71351,S,2000.0,25.16,251600.0,XIU,7.0,,,,,,,,,,,,,,
2020-01-30 09:44:11.797000000,Add Order,1580395451797000000,A,71351,S,2000.0,25.17,251700.0,XIU,7.0,,,,,,,,,,,,,,
2020-01-30 09:44:11.985000000,Add Order,1580395451985000000,A,71342,B,2000.0,25.13,251300.0,XIU,7.0,,,,,,,,,,,,,,
2020-01-30 09:44:12.006000000,Add Order,1580395452006000000,A,71342,B,2000.0,25.14,251400.0,XIU,7.0,,,,,,,,,,,,,,
2020-01-30 09:44:12.285000000,Add Order,1580395452285000000,A,71351,S,2000.0,25.16,251600.0,XIU,7.0,,,,,,,,,,,,,,
2020-01-30 09:44:12.714000000,Add Order,1580395452714000000,A,71351,S,2000.0,25.17,251700.0,XIU,7.0,,,,,,,,,,,,,,
2020-01-30 09:44:14.636000000,Add Order,1580395454636000000,A,71351,S,2000.0,25.16,251600.0,XIU,7.0,,,,,,,,,,,,,,
2020-01-30 09:44:14.671000000,Add Order,1580395454671000000,A,71342,B,2000.0,25.13,251300.0,XIU,7.0,,,,,,,,,,,,,,
2020-01-30 09:44:18.235000000,Add Order,1580395458235000000,A,71351,S,2000.0,25.17,251700.0,XIU,7.0,,,,,,,,,,,,,,
2020-01-30 09:44:18.356000000,Add Order,1580395458356000000,A,71342,B,2000.0,25.14,251400.0,XIU,7.0,,,,,,,,,,,,,,
2020-01-30 09:44:18.518000000,Add Order,1580395458518000000,A,71342,B,2000.0,25.13,251300.0,XIU,7.0,,,,,,,,,,,,,,
2020-01-30 09:44:18.519000000,Add Order,1580395458519000000,A,71351,S,2000.0,25.16,251600.0,XIU,7.0,,,,,,,,,,,,,,
2020-01-30 09:44:18.601000000,Add Order,1580395458601000000,A,71351,S,2000.0,25.17,251700.0,XIU,7.0,,,,,,,,,,,,,,
2020-01-30 09:44:18.662000000,Add Order,1580395458662000000,A,71351,S,2000.0,25.16,251600.0,XIU,7.0,,,,,,,,,,,,,,
2020-01-30 09:44:18.690000000,Add Order,1580395458690000000,A,71342,B,2000.0,25.14,251400.0,XIU,7.0,,,,,,,,,,,,,,
2020-01-30 09:44:18.706000000,Add Order,1580395458706000000,A,71342,B,2000.0,25.13,251300.0,XIU,7.0,,,,,,,,,,,,,,
2020-01-30 09:44:20.452000000,Add Order,1580395460452000000,A,71351,S,2000.0,25.17,251700.0,XIU,7.0,,,,,,,,,,,,,,
2020-01-30 09:44:20.453000000,Add Order,1580395460453000000,A,71342,B,2000.0,25.14,251400.0,XIU,7.0,,,,,,,,,,,,,,
2020-01-30 09:44:25.250000000,Add Order,1580395465250000000,A,71342,B,2000.0,25.13,251300.0,XIU,7.0,,,,,,,,,,,,,,
2020-01-30 09:44:25.273000000,Add Order,1580395465273000000,A,71351,S,2000.0,25.16,251600.0,XIU,7.0,,,,,,,,,,,,,,
2020-01-30 09:44:25.651000000,Add Order,1580395465651000000,A,71351,S,2000.0,25.17,251700.0,XIU,7.0,,,,,,,,,,,,,,
2020-01-30 09:44:25.759000000,Add Order,1580395465759000000,A,71351,S,2000.0,25.16,251600.0,XIU,7.0,,,,,,,,,,,,,,
2020-01-30 09:44:26.268000000,Add Order,1580395466268000000,A,71351,S,2000.0,25.17,251700.0,XIU,7.0,,,,,,,,,,,,,,
2020-01-30 09:44:26.300000000,Add Order,1580395466300000000,A,71351,S,2000.0,25.16,251600.0,XIU,7.0,,,,,,,,,,,,,,
2020-01-30 09:44:26.675000000,Add Order,1580395466675000000,A,71351,S,2000.0,25.17,251700.0,XIU,7.0,,,,,,,,,,,,,,
2020-01-30 09:44:27.021000000,Add Order,1580395467021000000,A,71351,S,2000.0,25.16,251600.0,XIU,7.0,,,,,,,,,,,,,,
2020-01-30 09:44:28.845000000,Add Order,1580395468845000000,A,71351,S,2000.0,25.17,251700.0,XIU,7.0,,,,,,,,,,,,,,
2020-01-30 09:44:29.131000000,Add Order,1580395469131000000,A,71351,S,2000.0,25.16,251600.0,XIU,7.0,,,,,,,,,,,,,,
2020-01-30 09:44:30.164000000,Add Order,1580395470164000000,A,71342,B,2000.0,25.14,251400.0,XIU,7.0,,,,,,,,,,,,,,
2020-01-30 09:44:30.164000000,Add Order,1580395470164000000,A,71351,S,2000.0,25.17,251700.0,XIU,7.0,,,,,,,,,,,,,,
2020-01-30 09:44:30.709000000,Add Order,1580395470709000000,A,71342,B,2000.0,25.13,251300.0,XIU,7.0,,,,,,,,,,,,,,
2020-01-30 09:44:30.710000000,Add Order,1580395470710000000,A,71351,S,2000.0,25.16,251600.0,XIU,7.0,,,,,,,,,,,,,,
2020-01-30 09:44:30.730000000,Add Order,1580395470730000000,A,71351,S,2000.0,25.17,251700.0,XIU,7.0,,,,,,,,,,,,,,
2020-01-30 09:44:31.105000000,Add Order,1580395471105000000,A,71342,B,2000.0,25.14,251400.0,XIU,7.0,,,,,,,,,,,,,,
2020-01-30 09:44:31.108000000,Add Order,1580395471108000000,A,71351,S,2000.0,25.16,251600.0,XIU,7.0,,,,,,,,,,,,,,
2020-01-30 09:44:31.423000000,Add Order,1580395471423000000,A,71342,B,2000.0,25.13,251300.0,XIU,7.0,,,,,,,,,,,,,,
2020-01-30 09:44:31.424000000,Add Order,1580395471424000000,A,71351,S,2000.0,25.17,251700.0,XIU,7.0,,,,,,,,,,,,,,
2020-01-30 09:44:31.537000000,Add Order,1580395471537000000,A,71351,S,2000.0,25.16,251600.0,XIU,7.0,,,,,,,,,,,,,,
2020-01-30 09:44:37.777000000,Add Order,1580395477777000000,A,71351,S,2000.0,25.17,251700.0,XIU,7.0,,,,,,,,,,,,,,
2020-01-30 09:44:38.536000000,Add Order,1580395478536000000,A,71342,B,2000.0,25.14,251400.0,XIU,7.0,,,,,,,,,,,,,,
2020-01-30 09:44:38.547000000,Add Order,1580395478547000000,A,71351,S,2000.0,25.16,251600.0,XIU,7.0,,,,,,,,,,,,,,
2020-01-30 09:44:38.687000000,Add Order,1580395478687000000,A,71342,B,2000.0,25.13,251300.0,XIU,7.0,,,,,,,,,,,,,,
2020-01-30 09:44:38.911000000,Add Order,1580395478911000000,A,71351,S,2000.0,25.17,251700.0,XIU,7.0,,,,,,,,,,,,,,
2020-01-30 09:44:38.939000000,Add Order,1580395478939000000,A,71351,S,2000.0,25.16,251600.0,XIU,7.0,,,,,,,,,,,,,,
2020-01-30 09:44:39.657000000,Add Order,1580395479657000000,A,71351,S,2000.0,25.17,251700.0,XIU,7.0,,,,,,,,,,,,,,
2020-01-30 09:44:39.685000000,Add Order,1580395479685000000,A,71351,S,2000.0,25.16,251600.0,XIU,7.0,,,,,,,,,,,,,,
2020-01-30 09:44:40.994000000,Add Order,1580395480994000000,A,71351,S,2000.0,25.17,251700.0,XIU,7.0,,,,,,,,,,,,,,
2020-01-30 09:44:41.031000000,Add Order,1580395481031000000,A,71351,S,2000.0,25.16,251600.0,XIU,7.0,,,,,,,,,,,,,,
2020-01-30 09:44:41.054000000,Add Order,1580395481054000000,A,71351,S,2000.0,25.17,251700.0,XIU,7.0,,,,,,,,,,,,,,
2020-01-30 09:44:41.494000000,Add Order,1580395481494000000,A,71351,S,2000.0,25.16,251600.0,XIU,7.0,,,,,,,,,,,,,,
2020-01-30 09:44:41.944000000,Add Order,1580395481944000000,A,71351,S,2000.0,25.17,251700.0,XIU,7.0,,,,,,,,,,,,,,
2020-01-30 09:44:42.122000000,Add Order,1580395482122000000,A,71351,S,2000.0,25.16,251600.0,XIU,7.0,,,,,,,,,,,,,,
2020-01-30 09:44:42.354000000,Add Order,1580395482354000000,A,71351,S,2000.0,25.17,251700.0,XIU,7.0,,,,,,,,,,,,,,
2020-01-30 09:44:42.354000000,Add Order,1580395482354000000,A,71342,B,2000.0,25.14,251400.0,XIU,7.0,,,,,,,,,,,,,,
2020-01-30 09:44:48.055000000,Add Order,1580395488055000000,A,71342,B,2000.0,25.13,251300.0,XIU,7.0,,,,,,,,,,,,,,
2020-01-30 09:44:48.661000000,Add Order,1580395488661000000,A,71342,B,2000.0,25.14,251400.0,XIU,7.0,,,,,,,,,,,,,,
2020-01-30 09:44:49.891000000,Add Order,1580395489891000000,A,71342,B,2000.0,25.13,251300.0,XIU,7.0,,,,,,,,,,,,,,
2020-01-30 09:44:49.912000000,Add Order,1580395489912000000,A,71342,B,2000.0,25.14,251400.0,XIU,7.0,,,,,,,,,,,,,,
2020-01-30 09:44:49.937000000,Add Order,1580395489937000000,A,71342,B,2000.0,25.13,251300.0,XIU,7.0,,,,,,,,,,,,,,
2020-01-30 09:44:49.956000000,Add Order,1580395489956000000,A,71342,B,2000.0,25.14,251400.0,XIU,7.0,,,,,,,,,,,,,,
2020-01-30 09:44:49.961000000,Add Order,1580395489961000000,A,71351,S,2000.0,25.16,251600.0,XIU,7.0,,,,,,,,,,,,,,
2020-01-30 09:44:50.057000000,Add Order,1580395490057000000,A,71351,S,2000.0,25.17,251700.0,XIU,7.0,,,,,,,,,,,,,,
2020-01-30 09:44:54.244000000,Add Order,1580395494244000000,A,71342,B,2000.0,25.13,251300.0,XIU,7.0,,,,,,,,,,,,,,
2020-01-30 09:44:54.487000000,Add Order,1580395494487000000,A,71342,B,2000.0,25.14,251400.0,XIU,7.0,,,,,,,,,,,,,,
2020-01-30 09:44:54.514000000,Add Order,1580395494514000000,A,71342,B,2000.0,25.13,251300.0,XIU,7.0,,,,,,,,,,,,,,
2020-01-30 09:44:54.884000000,Add Order,1580395494884000000,A,71342,B,2000.0,25.14,251400.0,XIU,7.0,,,,,,,,,,,,,,
2020-01-30 09:44:55.467000000,Add Order,1580395495467000000,A,71342,B,2000.0,25.13,251300.0,XIU,7.0,,,,,,,,,,,,,,
2020-01-30 09:44:56.138000000,Add Order,1580395496138000000,A,71342,B,2000.0,25.14,251400.0,XIU,7.0,,,,,,,,,,,,,,
